3034 4622
403 223 405 228 ·
507 152 791 308 tamtam„
947 165 949 170 ¹
1057 169 1059 174 ·
1159 185 1191 306 9

92 328 157 424 An
176 343 258 420 mu
278 333 427 447 ingenii
444 331 513 417 nn
528 331 664 416 sufficit
679 329 759 441 ipsa
775 309 965 414 fa‘cutt'a'si

146 451 318 556 Superna
339 473 423 528 non
442 442 615 525 admittit
628 442 719 526 huic
737 442 827 524 vitae
849 443 1013 525 studens.

92 549 258 666 Spiritus
271 581 367 664 ergo
383 552 452 634 suo
467 551 666 660 persundit
690 552 837 634 lumine
851 555 1046 636 mentem?

149 671 270 754 Sane;
297 661 506 770 &refingit
522 659 676 770 insuper
698 661 922 770 praecordia.
1026 671 1028 676 '

94 771 247 884 Ecquid
265 799 381 882 opem
399 770 521 880 pietas
528 770 610 882 jam
625 797 706 853 non
727 769 923 854 incredula
934 765 1087 884 poscit?
1185 781 1189 788 '

149 891 203 966 Et
219 882 330 986 velle,
356 892 392 966 δι
411 901 524 990 agere
539 877 660 964 donat
675 878 830 987 adjutor
845 885 965 964 Deus.

94 991 267 1076 Humani
285 987 497 1097 prosuntne
513 987 591 1073 Dei
608 989 693 1100 post
717 1011 853 1097 coepta
867 989 1046 1070 labores?

152 1111 212 1183 lta
225 1103 296 1184 est:
324 1100 522 1210 requirens
535 1098 692 1206 reperit,
718 1125 833 1181 orans
846 1098 996 1205 accipit.

96 1209 206 1319 Qid
219 1207 339 1314 fiet,si
353 1206 449 1293 dura
472 1207 645 1290 animum
664 1208 1065 1291 certamina‘vexent?

151 1319 274 1428 Vigili
301 1331 338 1406 ὃ(
365 1317 538 1428 precanti
551 1317 623 1401 dat
639 1321 746 1402 Deus
760 1317 979 1438 virtoripm.

95 1427 261 1538 Spiritus
284 1427 351 1509 ille
373 1427 511 1511 animis
522 1455 609 1540 quae
622 1425 689 1510 dat
702 1425 839 1541 solatia
856 1426 1024 1508 nostris?

151 1542 284 1622 Deum
306 1537 516 1620 effessnobis
536 1533 635 1619 velle
656 1559 845 1644 perpetuo
857 1541 1023 1627 Patrem.
1105 1622 1108 1626 ,

97 1645 168 1732 Ast
181 1646 251 1728 ubi
265 1648 458 1756 repperies
473 1647 573 1730 hanc
587 1647 719 1729 saneti
731 1645 915 1732 Numinis
930 1647 1092 1748 auram?

156 1759 282 1840 Coetu
299 1755 339 1836 in
357 1755 526 1863 piorum,
538 1756 645 1864 cujus
661 1753 742 1864 ipsa
757 1756 811 1835 est
826 1753 1035 1840 vinculum.

99 1861 277 1946 Ille-Dei
301 1864 468 1972 populus
494 1863 572 1973 qui
590 1861 629 1943 se
653 1862 813 1972 regione
826 1871 1009 1946 co'e'rcet?

155 1975 310 2057 Cuneia
332 1971 471 2080 implet
483 1972 602 2057 Orbis
615 1969 749 2080 spatia,
774 1999 851 2082 qua
865 1970 1038 2056 Christus
1049 1969 1172 2056 sonan

98 2081 248 2166 Nonne
260 2083 368 2164 Deus
383 2081 561 2186 Solymos
578 2081 741 2190 proprio
755 2080 823 2164 fibi
835 2080 989 2164 foedere
1010 2081 1165 2192 junxit?

154 2191 286 2276 Olim:
314 2187 381 2273 sed
399 2191 470 2272 ista
482 2187 588 2300 septa
609 2190 784 2276 Christus
796 2189 928 2274 diruit.

102 2304 265 2387 Annon
289 2299 352 2381 lex
368 2301 500 2409 igitur,
526 2297 628 2383 Mosr
643 2321 730 2409 quae
752 2299 908 2404 tradita,
934 2298 1079 2383 durat?

157 2409 293 2494 Priora
310 2405 405 2492 scita
419 2408 550 2493 foedus
564 2409 644 2492 anti
675 2434 741 2492 uat
756 2437 917 2493 novum.

101 2518 268 2602 Sabbata
290 2542 406 2623 nunc,
432 2520 500 2600 ubi
519 2545 622 2602 nunc
646 2439 791 2628 ignum
815 2521 984 2630 genitale
1000 2501 1205 2602 remansiti

158 2628 231 2711 His
250 2626 382 2711 abdita
394 2628 539 2713 umbris
554 2626 635 2738 ipsa
655 2651 714 2712 res
735 2627 849 2712 nobis
862 2628 951 2712 data
964 2631 1027 2711 est.

102 2738 333 2824 sannorum
348 2735 536 2848 quaesunt
555 2737 758 2821 hominum
772 2739 995 2822 communia
1008 2736 1136 2821 nosti?

2 2866 5 2873 ’
108 2949 110 2956 Ι
158 2853 266 2932 Bona
282 2846 395 2956 hujus
406 2847 495 2951 uvi,
521 2845 725 2960 sedmagis¹
741 2848 923 2930 coelestia.

103 2955 231 3064 Hujus
246 2954 397 3038 militiae
414 2983 594 3041 numeros
613 2985 699 3068 quae
713 2957 845 3040 tessera
858 2953 1007 3066 figunt?

14 3077 16 3082 ’
94 3161 103 3168 ἡ
161 3065 306 3153 Christi
322 3065 539 3151 innocentis
558 3085 709 3176 corpus,
735 3077 771 3151 or
794 3063 897 3152 fusus
917 3091 1042 3152 cruor.

104 3175 229 3262 Hisne
251 3173 493 3259 daturtanto
513 3178 598 3287 post
620 3197 786 3260 mortem
809 3193 986 3288 ternpore
1009 3173 1137 3263 vesci.»

161 3284 254 3372 Vini
282 3309 400 3394 atque
426 3287 535 3392 panis
556 3281 700 3368 scilicet
719 3285 789 3367 sub
812 3285 993 3396 imagine.

107 3391 215 3500 Qid
224 3419 442 3506 percorpus
451 3397 596 3478 habent
606 3405 641 3481 ἃ
653 3395 860 3504 sanguin&
876 3396 1213 3508 estannerurnque?

161 3501 282 3608 Quod
296 3503 364 3587 ista
379 3529 534 3612 corpus,
556 3504 622 3586 illa
634 3523 805 3586 mentem
818 3505 1009 3588 nutriunt.

109 3619 162 3697 Et
182 3637 252 3696 cur
267 3638 345 3696 una
362 3615 492 3720 Ceres,
517 3640 588 3695 cur
608 3613 743 3697 vinum
760 3612 1093 3698 sumiturunu'm?
1185 3641 1187 3648 ’

163 3728 227 3806 Ut
252 3719 300 3803 fic
321 3719 489 3830 patescat
509 3721 582 3806 effe
609 3751 679 3808 nos
699 3745 968 3831 concorpores.
1036 3739 1040 3748 ’
1072 3767 1084 3786 1

108 3829 227 3918 Estne
247 3829 326 3915 Dei
338 3831 380 3914 iu
397 3835 549 3942 populo
563 3853 715 3916 teneros
730 3831 902 3939 spectare
917 3829 1132 3944 rudesque?
1178 3877 1183 3886 ·

164 3946 250 4029 Hor
272 3937 377 4026 ferre
398 3963 574 4052 oportet,
596 3955 633 4032 or
657 3941 798 4027 docere
819 3937 995 4027 comiter.-

777 4051 810 4136 Β
1106 4029 1216 4158 mit
1259 4127 1271 4145 „
