3034 4622
293 81 368 192 ru
665 73 990 214 menarum„

299 235 397 324 Odii
413 234 556 346 repelle
576 233 695 344 uirus,
719 247 854 345 &quo
872 263 944 322 noa
973 239 1080 328 Deua
1138 268 1142 274 ·
1198 296 1201 307 ·

277 377 282 384 ·
301 351 450 429 Amore
472 345 624 450 amarit,
644 343 736 432 inde
759 343 906 430 sensum
932 348 1137 434 mentibus.
1169 373 1173 382 ·
1297 367 1301 376 ’

299 452 378 540 Fa'c
393 453 503 544 istum
519 481 690 536 amorem
712 483 783 540 nos
796 481 965 539 amemus
978 477 1130 563 mutuo,

300 569 364 649 Ut
387 565 477 674 igne
499 584 611 646 natus
632 561 733 674 ignis
757 563 884 688 ignem
910 564 1070 650 nutriat.

300 679 357 767 At
373 692 418 756 tu
440 671 616 781 suprema
631 671 790 773 maxima
814 673 936 783 pietas
958 675 1093 780 Patris,

300 784 550 894 Verbumque
570 780 962 894 primum,Ratioque
978 780 1264 894 &Sapientia
1305 867 1312 878 ,
1336 835 1341 872 ;
1363 824 1368 856 =

300 897 431 1000 Quem
446 893 634 976 monstrat
649 891 721 974 ille
739 893 864 979 tesius
877 891 918 978 iu
934 891 1048 978 nobit
1062 917 1185 996 amor,
1349 892 1354 898 '

300 1001 461 1122 Quique
476 1029 525 1084 ex
542 1027 672 1084 amore
690 999 795 1086 fasta
819 1030 891 1086 noa
902 1028 1064 1110 propter
1083 1028 1173 1086 caro
1185 1026 1238 1102 ee,

300 1115 393 1197 Sine
418 1119 528 1196 Patre
542 1109 677 1224 horne,
703 1107 780 1194 sane
802 1132 941 1216 matre,
959 1111 1028 1222 qui
1043 1109 1307 1210 fiterasDens,

246 1308 252 1326 ,
300 1228 439 1306 Homo
459 1240 634 1305 mortuus
655 1247 695 1321 es
708 1242 753 1304 ut
769 1219 943 1306 vinceres
956 1243 1123 1306 mortem
1135 1223 1254 1305 Deus.

301 1339 413 1416 Mors
427 1350 519 1416 nata
547 1325 651 1414 falfi:
675 1325 761 1414 ¹'uita
781 1352 838 1420 tu,
863 1341 899 1416 &
924 1327 1007 1412 veri
1020 1357 1170 1440 parent.

280 1469 283 1474 ·
303 1447 342 1526 Α
358 1462 399 1523 te
413 1431 534 1522 fluens
555 1466 626 1522 nos
647 1435 796 1522 imbuat
820 1435 1007 1548 sapientia
1175 1449 1178 1459 '

301 1555 394 1635 Vox
418 1575 522 1651 vera,
536 1575 612 1634 vox
630 1545 805 1658 justifica,
816 1575 894 1632 vox
915 1543 1159 1652 exsuscitans,

302 1657 378 1746 Via
400 1655 448 1740 ad
476 1656 651 1764 salutem,
674 1655 752 1770 qui
776 1679 879 1742 tuam
903 1653 1127 1766 sapientiam

301 1765 500 1876 Sapiamus
525 1766 678 1850 omn'er:
704 1793 799 1876 ergo
819 1767 994 1852 tenebras
1015 1766 1161 1879 disjice,

302 1881 367 1963 Ut
389 1875 456 1958 lux
480 1875 531 1958 ab
552 1877 634 1986 ipsi
653 1876 738 1990 luce
752 1877 876 1961 lucem
900 1873 1086 1985 proferat.

305 1991 363 2071 At
383 2007 426 2070 tu
449 1992 587 2070 Parem
612 1985 798 2096 ingenite,
828 1983 918 2068 sons
942 1982 1173 2089 substantie,

305 2095 497 2204 Tua'ipse
519 2094 649 2206 origo,
675 2121 780 2178 naens
797 2094 997 2178 coaeternis
1014 2094 1135 2202 prior,

306 2207 371 2291 Ad
391 2231 506 2314 quem
523 2223 589 2284 tua
608 2203 674 2310 illa
697 2231 769 2286 nos
792 2199 894 2310 rapit
913 2199 1099 2311 sapientia
1238 2293 1244 2302 ,
1355 2205 1360 2212 “

306 2321 346 2400 A
369 2335 410 2396 te
434 2309 624 2418 profecta,
652 2309 798 2504 riuique
819 2311 961 2395 amoris
972 2309 1120 2422 Spiritu

306 2431 509 2514 Permotus
532 2448 649 2506 omne
679 2448 742 2504 toc
758 2417 832 2504 effe
851 2419 997 2533 jussisti,
1020 2440 1093 2504 tuo
1371 2503 1375 2514 ,

308 2531 489 2641 Sapiente
505 2532 648 2636 Verbo,
663 2529 769 2644 quod
795 2531 901 2638 prius
918 2525 1046 2612 fuerat
1066 2527 1180 2632 nihil,
1301 2583 1304 2592 ·

308 2640 599 2752 Hominemque
620 2636 747 2724 rursus
762 2639 891 2724 'aliter
912 2637 1092 2724 effectum
1116 2637 1216 2724 nihil
1305 2693 1309 2701 .

307 2750 514 2836 Revocisti
539 2749 587 2834 ad
612 2749 685 2834 esse
701 2767 811 2834 motu
834 2745 970 2834 eodem
987 2748 1163 2858 Spiritus.
1497 2780 1502 2874 g

308 2865 382 2946 Per
397 2858 577 2972 idemque
591 2861 775 2961 Verbum,
797 2857 892 2943 tolle
937 2856 1170 2969 uodcunque
1186 2859 1242 2946 est
1251 2860 1356 2966 mcii,

310 2967 518 3081 Bonusque
535 2967 685 3054 summo
706 2965 888 3052 saebono
909 2889 1025 3056 imus
1046 2965 1155 3074 boni,
1433 3059 1434 3062 a
1498 2878 1502 3047 i

308 3080 497 3164 Nostrum
520 3079 593 3162 effe
615 3075 758 3162 abesse
782 3097 826 3160 ut
837 3075 912 3162 effe
926 3075 1123 3190 concipiat
1141 3099 1225 3164 tuo.
1498 3074 1502 3150 s

310 3193 421 3274 Deus
448 3217 559 3294 unus,
586 3187 737 3273 unusin
754 3186 889 3294 tribus,
914 3185 982 3294 fac,
1000 3213 1072 3272 noa
1091 3185 1147 3271 ita
1331 3269 1335 3278 .

311 3306 469 3403 Amare,
495 3309 532 3386 δι
560 3297 791 3408 intelligere,
815 3297 954 3404 ecesse,
977 3323 1096 3406 unum
1124 3315 1170 3380 ut
1193 3293 1302 3380 fiurul
1438 3329 1442 3338 ·

176 3431 181 3438 ’
312 3407 468 3494 fumus
491 3407 591 3494 alter
612 3405 746 3526 alteri,⁴
764 3427 882 3524 atque
896 3433 1016 3514 unum
1034 3405 1119 3492 tibi
1252 3499 1256 3506 ,

1191 3825 1194 3832 ’
1226 3799 1412 3938 ,Ηὶιςορἷ
