3034 4622
297 164 331 266 8
518 147 900 293 Baptizatorum
921 135 1196 296 Puerorum

300 311 547 396 Cunctorum
572 312 696 420 culpis
710 339 759 393 an
775 309 937 394 tissima
951 310 1088 394 sufficit
1111 315 1214 391 una?

354 425 472 502 Certe
488 422 583 526 haec,
610 425 660 504 ab
685 420 795 505 omni
808 442 916 529 parte
929 447 1016 530 quae
1040 421 1153 529 culph
1170 435 1293 504 vacat.
1326 425 1334 463 ⁵

298 530 436 635 Qualis
457 541 540 614 erat
555 532 730 618 Christus
742 528 1141 640 saptentimitandus
1161 529 1202 610 in
1225 525 1354 610 hord?
1389 531 1398 562 ”

342 635 1417 746 Patiens‚modestus‚hominumamans,Patriobsequensa

297 759 434 836 Morte
446 749 563 836 semel
578 749 748 856 fundus,
774 749 961 834 manfitne
975 749 1169 834 obnoxius
1183 753 1322 833 Orco?

300 915 304 924 ·
354 869 445 944 lrno
470 863 617 970 recepit
641 865 763 946 tertio
787 861 908 948 vitam
935 857 1014 944 die.

298 970 411 1078 Qid
425 999 496 1054 nos
514 970 670 1055 edocuit
688 970 847 1058 Christo
862 997 949 1081 quae
975 968 1127 1053 reddita
1141 969 1224 1054 vita
1240 963 1322 1046 est?

357 1085 514 1163 Certam
534 1080 720 1192 probavit
744 1079 913 1162 maximi
929 1079 1078 1188 prolem
1095 1081 1230 1162 Patris.

298 1193 446 1275 Nonne
459 1191 658 1276 hominem
680 1190 803 1274 vincit
817 1188 1050 1272 Cherubinae
1067 1188 1194 1297 gloria
1212 1198 1383 1276 turmae?

354 1301 471 1384 Illum
496 1300 658 1408 superna
680 1301 798 1382 castra
818 1321 1052 1406 venerantur
1075 1298 1225 1381 ducem.

300 1413 365 1492 An
383 1411 503 1492 nostri
530 1407 709 1491 meminit
728 1409 880 1490 coelesti
903 1406 990 1491 sede
1012 1415 1215 1515 receptus?

313 1571 318 1578 »
354 1519 421 1600 Est
441 1520 570 1601 noster
583 1520 664 1601 illic
681 1517 873 1622 Pontifex,
900 1531 936 1605 dc
954 1525 1041 1604 Rex
1062 1515 1185 1601 simul.

300 1629 477 1710 AEtherid
496 1630 608 1711 nobis
628 1629 723 1739 quid
746 1631 898 1736 praestat
921 1629 963 1710 in
979 1628 1075 1712 AEde
1088 1627 1294 1714 Sacerdos?
1384 1633 1388 1645 “
1501 1712 1505 1723 ,

355 1737 443 1820 Fufi
465 1739 611 1823 cruoris
631 1736 804 1821 obsecrat
829 1738 957 1847 pretio
980 1747 1144 1822 Patrem.
1500 1758 1503 1769 ¹

300 1848 517 1954 Qaebona
530 1849 668 1960 Regali
692 1848 805 1931 nobis
825 1847 999 1931 demittit
1013 1849 1063 1930 ab
1078 1853 1213 1960 arce?¹

356 1965 478 2040 Manu
504 1979 636 2041 tuetur
657 1956 845 2059 subditos,
872 1959 998 2038 hostes
1018 1955 1141 2064 sugat.
1163 1975 1165 1984 “

298 2073 407 2176 Ergo
429 2066 699 2178 inconspicuus
716 2063 871 2146 sublimi
890 2065 931 2146 in
953 2063 1041 2148 sede
1055 2062 1252 2148 manebit?
1377 2112 1382 2123 ·

354 2180 463 2258 Dum
485 2175 622 2259 reddat
640 2175 750 2256 illum
770 2173 939 2282 pristinis
962 2175 1081 2257 nubes
1105 2175 1216 2259 locis.
1321 2209 1326 2220 ⁴

298 2289 381 2369 Cur
400 2286 519 2395 igitur
534 2285 709 2368 Christus
723 2283 870 2366 telluris
885 2311 1004 2394 regna
1017 2281 1187 2368 reviset?

353 2401 415 2478 Ut
437 2393 602 2479 mortuis
616 2394 679 2518 jus
699 2392 814 2497 dicat,
839 2407 874 2480 d<
892 2393 1125 2478 viventibus.

206 2543 209 2552 ·
298 2503 463 2613 Spiritus
477 2505 545 2587 ille
561 2533 646 2614 quis
661 2506 727 2610 est,
750 2529 864 2615 quem
878 2503 992 2586 tertia
1005 2500 1135 2586 saneta
1148 2521 1261 2587 notat
1274 2505 1384 2594 vox?
1496 2500 1499 2511 ’

354 2615 421 2700 Vis
441 2615 567 2718 unica,
593 2636 709 2724 atque
724 2615 907 2696 unanima
928 2615 1062 2717 Patris,
1082 2610 1238 2700 &Filii
1399 2621 1401 2627 ’

299 2722 538 2834 Virgineone
551 2725 661 2833 prior
672 2723 751 2806 suit
775 2724 845 2805 ista
860 2725 1037 2833 potentia
1049 2730 1194 2833 partu?

354 2843 496 2920 Vatum
521 2836 704 2917 entheata
726 2832 872 2944 quippe
893 2832 1021 2916 movit
1042 2835 1213 2940 pedtora.
1320 2837 1323 2848 '

298 2945 539 3052 Praecipuum
555 2944 727 3029 Christus
740 2943 798 3025 bis
821 2945 883 3023 sex
899 2941 995 3052 quid
1014 2939 1180 3050 spondet
1193 2941 1348 3028 amicis?
1495 3010 1499 3031 .

353 3057 505 3164 Majora
527 3053 645 3158 dona,
669 3050 804 3162 jusque
822 3051 995 3136 donandi
1016 3053 1169 3138 alteros.
1496 3058 1498 3067 ’

298 3162 380 3261 Qui
404 3163 506 3247 radii
517 3187 565 3244 ex
578 3163 651 3257 isto
668 3163 865 3245 fluxerunt
879 3163 970 3270 igne
993 3161 1213 3245 micantes?

353 3272 564 3376 Medicina,
577 3273 734 3382 linguae‚
749 3273 918 3376 oracula,
932 3270 1120 3354 furiarum
1133 3269 1238 3381 suga.

298 3383 407 3492 Quid
422 3381 596 3466 sanctum
618 3409 722 3464 nunc
741 3382 881 3465 flamen
901 3382 985 3492 agit
1006 3381 1233 3466 cessantibus
1246 3377 1348 3465 istis?

356 3493 498 3576 Adhuc
519 3493 635 3576 docet
657 3522 738 3596 nos,
765 3506 801 3579 ἃ
822 3492 932 3602 juvat
956 3489 1109 3574 solatio.
1492 3576 1496 3603 Ι

298 3604 445 3685 Nonne
470 3602 559 3686 satis
574 3629 706 3686 verum
722 3602 835 3685 nobis
851 3599 953 3684 sacra
973 3603 1115 3711 pagina
1136 3602 1346 3686 monstrat?
1374 3601 1376 3610 ’
1492 3626 1495 3637 ·

354 3712 508 3820 Torpet
524 3728 693 3823 papyrus
715 3711 894 3795 destituta
913 3711 1072 3819 Spiritu.
1173 3769 1176 3774 ·
1263 3725 1266 3732 '

298 3823 396 3904 Non
413 3824 499 3930 opis
521 3824 575 3906 est
597 3825 735 3906 nostrae
750 3821 989 3905 documentis
1012 3820 1166 3902 credere
1178 3821 1348 3930 Christi?
1375 3872 1381 3884 -

355 3931 445 4014 Sine
460 3935 538 4044 ejus
562 3929 1292 4044 aurdnemoveum-Dominum'voca-tt
1336 4044 1369 4128 A

747 4073 768 4142 5
1364 4067 1395 4128 *11
