3034 4622
224 143 446 279 Deculogi
463 139 1044 282 praeceptumsecundumt
1112 185 1182 276 45

86 302 160 414 jam
181 327 228 386 er
246 302 610 386 Deuteronomio&
632 300 818 385 Chaldaeo
834 300 1049 410 interprete
1064 298 1189 384 oslen-

90 411 224 515 dimus,
248 409 399 494 credam
422 409 471 493 de
490 410 535 492 iis
557 439 637 492 non
652 409 728 520 agi.
768 415 853 494 Nec
868 437 1003 494 omnes
1021 409 1189 516 pidiurae

87 517 196 602 suiffe
224 521 361 606 vetitas
388 543 617 627 argumento
651 519 724 600 smt
752 519 904 607 Vexilla
933 522 1187 622 Hebraeorum

87 629 330 736 praeferentia
347 628 571 730 Hominem,
581 631 769 729 Taurum,
783 635 973 730 Leonem,
988 627 1184 735 Aquilam.

87 741 183 834 Sunt
215 763 346 822 tamen
371 736 547 846 quaedam
568 736 711 838 vetitae,
737 735 799 819 sed
822 738 906 820 aliis
931 738 1046 827 locis;
1076 735 1189 816 nimi·

87 873 173 928 rum
193 875 329 929 omnes
345 845 420 927 illae
435 846 574 955 quibus
594 845 813 928 idololatrae
837 845 885 928 ad
908 847 1055 930 cultum
1079 843 1188 946 suunt
1267 915 1269 930 .

88 955 308 1060 utebantur,
333 961 430 1040 Lev.
447 983 506 1054 24.
528 985 560 1038 1.
589 959 761 1042 &Num
783 982 842 1054 33.
862 988 918 1050 52.
947 955 987 1035 in
1009 956 1188 1038 Hebraeo.

80 1065 241 1173 ⁸Quibus
267 1063 511 1147 accensendas
531 1087 665 1172 putem
692 1064 776 1148 illas
798 1065 937 1172 figuras
960 1062 1093 1144 incisas
1120 1087 1189 1172 per

89 1201 182 1282 quas
216 1174 400 1257 adhibitis
426 1173 543 1276 etiam
574 1172 700 1258 verbis
725 1173 881 1282 magicis
907 1173 1028 1272 arceri
1055 1172 1192 1274 hostes,

81 1282 324 1390 scorpiones,
340 1292 506 1387 Leones,
517 1290 718 1392 Serpentes
732 1282 1001 1384 credebantur,
1028 1307 1189 1389 quarum

85 1391 263 1474 meminit
279 1394 536 1480 Maimonides
552 1415 664 1501 parte
688 1421 719 1490 3.
739 1420 772 1476 c.
790 1422 846 1490 37.
876 1389 1190 1474 Ductorrsdnbn-

79 1500 650 1613 cantiumrquamopinionem
661 1501 916 1586 secutiGraeci
929 1499 1061 1584 dixere
1072 1525 1194 1608 opera

86 1610 183 1692 talia
197 1611 485 1718 numeraverant
501 1615 699 1720 πλὲσμειεει,
715 1633 759 1692 ut
774 1611 947 1718 Scriptor
958 1608 1192 1716 Responsio·

86 1745 180 1800 num
199 1719 247 1804 ad
263 1719 517 1804 Orthodoxos
536 1720 639 1802 inter
651 1747 770 1826 opera
786 1718 946 1840 Justini:
975 1718 1079 1800 unde
1092 1725 1188 1800 Ara·

88 1828 182 1908 bum
201 1849 386 1935 corrupta
404 1857 481 1910 vox
503 1827 707 1934 Talisman:
735 1828 802 1910 alir
822 1829 943 1924 ςειχεῖε
956 1825 1100 1928 dixere,
1127 1851 1194 1909 aut
1322 1867 1324 1872 ·

87 1937 541 2032 arnmanurTananus.
567 1937 697 2020 Multa
712 1963 847 2020 eorum
858 1935 1007 2016 mentio
1021 1936 1062 2016 in
1075 1935 1194 2016 bisto-

87 2043 144 2126 ria
167 2046 614 2152 Constantinopolitand.
670 2044 820 2134 Vide&
839 2070 927 2154 quae
943 2043 994 2144 nde
1014 2043 1060 2126 iis
1076 2043 1194 2129 habet

87 2151 255 2262 Scaliger
278 2155 318 2236 in
342 2155 557 2242 Posthumis
578 2182 626 2234 ex
644 2152 941 2262 Cosmographo
958 2153 1098 2268 Arabe.
1136 2153 1196 2236 U't

90 2263 139 2342 ad
155 2263 574 2368 Cltristianostveniam,
600 2263 659 2344 illi
683 2289 753 2348 trec
775 2261 859 2348 aliis
874 2263 1127 2355 Hebraeorum
1143 2262 1195 2350 le-

87 2368 201 2560 fiibus
224 2379 299 2453 r'o
313 2373 382 2466 liri
396 2374 590 2481 obligatos
604 2365 641 2454 se
655 2371 863 2476 credidere,
882 2397 953 2454 nec
967 2371 1036 2456 illd
1047 2371 1096 2456 de
1113 2399 1195 2452 non

119 2480 277 2566 abendis
296 2481 430 2566 formis
452 2481 690 2591 sculptilibus
716 2481 982 2564 animantium.
1039 2485 1143 2564 Nam
1157 2491 1195 2564 &

88 2595 148 2674 Im
180 2604 424 2692 eratorum'&
438 2593 623 2696 Virorum
641 2589 884 2674 eruditorum
904 2593 998 2673 tales
1010 2589 1202 2700 imagines

88 2617 219 2805 pasiim
239 2702 427 2785 exstitere.
469 2697 599 2808 lncifis
619 2727 714 2784 vero
741 2720 809 2782 aut
840 2699 954 2808 pislis
980 2701 1124 2808 figuris,
1150 2721 1197 2781 ur

87 2833 177 2915 quae
203 2835 272 2890 nec
293 2809 466 2891 Hebraeis
488 2811 565 2903 fine
587 2809 804 2892 discrimine
829 2808 1047 2892 interdictae
1069 2829 1194 2910 erant,

88 2913 143 2999 ufi
160 2913 383 3000 sonuerim
398 2919 567 3022 liberius,
592 2939 637 3024 ut
652 2947 721 3000 nos
737 2918 859 3003 docet,
872 2938 1085 3001 memorata
1097 2917 1196 3008 Ter·

88 3023 257 3112 tulliano
276 3027 398 3137 figura
422 3027 586 3128 Pastoris
608 3029 650 3110 in
675 3019 805 3110 calice.
860 3036 950 3110 lmo
978 3054 1028 3130 ne
1051 3025 1197 3110 Chrilli

88 3131 247 3240 quidem
275 3137 397 3246 figurd
423 3139 660 3242 abstentum,
697 3138 900 3246 postquam
941 3147 1197 3245 Imperatores

90 3243 301 3328 Christiani
323 3245 444 3350 suere,
508 3307 525 3329 ..
1132 3341 1135 3346 ,
1173 3301 1184 3331 -,

201 3351 351 3463 Christus
362 3371 571 3544 parsurum
588 3356 779 3466 generanti
797 3375 915 3439 textus
932 3355 970 3436 in
981 3387 1066 3438 auru

78 3541 82 3549 ,
204 3459 368 3569 Signabat
379 3467 416 3544 la
437 3493 550 3571 arum,
576 3467 761 3574 clypeorum
777 3465 921 3574 infignid
935 3465 1086 3572 Christus

201 3571 403 3680 ascripserat,
417 3574 564 3680 ardebat
571 3575 718 3682 summai
726 3602 813 3656 crux
825 3573 956 3657 additu
972 3572 1094 3684 cristri.
1179 3578 1189 3672 2

77 3674 146 3766 ,rit
165 3675 378 3786 Prudentns
390 3683 458 3788 lib.
478 3717 514 3769 1.
540 3707 679 3768 contra
692 3685 987 3786 Symmachum:
1016 3683 1083 3791 qui
1101 3694 1135 3769 ὃ(
1154 3683 1197 3775 iu

87 3791 352 3896 monumentis
378 3801 596 3898 Martyrum
618 3794 825 3900 expressam
849 3819 1093 3900 eorumquae
1110 3821 1197 3900 per-

87 3897 262 3985 tulerant
274 3899 478 4008 imaginem
493 3902 602 4006 suilse
617 3904 658 3987 in
672 3900 839 4010 paffione
853 3899 1016 3984 Caffiani
1039 3931 1111 3986 nos
1127 3903 1195 3987 dor

83 4025 163 4104 cet·
201 4017 248 4102 ln
261 4007 440 4100 Ecclesiae
457 4014 586 4102 tamen
599 4013 667 4098 diu
679 4038 752 4102 uec
769 4008 938 4120 picturas
957 4011 1133 4203 adalsigae
1147 4037 1195 4104 ex

418 4169 421 4178 ι
988 4130 1053 4205 Er
1080 4145 1193 4203 errno
