3030 4618
329 155 431 284 146
575 209 579 217 ·
652 147 1045 256 vldnrtationes
1058 147 1134 258 ad
1240 203 1244 209 ¹

325 308 402 396 lam
418 305 472 388 est
489 330 538 388 ex
553 303 679 391 altero
702 307 781 416 eius
797 305 975 412 ‚historiae
993 305 1098 407 loco,
1122 299 1192 386 ubi
1209 298 1460 424 Hebronitae

326 415 486 526 quidam
506 436 711 500 narrantur
734 415 936 520 aDavide
961 409 1137 524 profesti
1159 411 1333 532 partubus
1355 415 1458 535 Ru-

324 525 447 628 benis,
468 523 648 612 Gadis&
663 525 854 631 Manaffis,
880 522 1129 634 impositique
1144 542 1455 643 omninegotio

327 657 413 718 tum
437 631 517 718 Dei
532 655 614 718 tum
638 635 770 744 Regis.
826 635 1009 726 Solebant
1032 659 1128 742 ergo
1153 627 1354 752 utriusque
1378 657 1454 740 ge-

325 737 428 831 ueris
449 743 623 857 negotia,
651 766 734 828 tum
747 742 988 859 judiciorum
1008 762 1093 826 tum
1111 741 1452 860 deliberationum

323 853 574 964 politicarum
587 861 612 937 a
627 860 769 950 Senatu
783 853 956 940 tradari.
971 909 975 916 -
993 849 1067 936 Sed
1083 851 1268 949 nimirum
1286 849 1373 971 liaec
1389 851 1452 970 est

324 962 437 1046 disto
454 962 544 1046 loco
654 961 786 1071 'eme
799 963 942 1047 ulterior
962 959 1158 1074 explicatio.
1198 959 1338 1046 Noute
1355 987 1450 1045 ani-

323 1099 431 1155 mum
449 1068 597 1182 despon
623 1101 690 1156 ere
710 1073 815 1184 quast
835 1101 944 1184 pares
969 1101 1050 1156 non
1072 1069 1149 1160 fine
1175 1087 1289 1162 tanto
1313 1070 1448 1175 oneri,

322 1180 462 1290 inopis
495 1180 728 1269 eruditionis
754 1210 842 1292 quaa
870 1185 919 1268 ad
948 1211 1007 1266 res
1038 1200 1175 1301 tantas·
1190 1172 1445 1271 deluderetur.

323 1291 489 1376 Habetis
512 1291 618 1377 viros
640 1295 816 1404 egregios
838 1293 906 1404 qni
922 1289 1207 1378 vobisconsrlto
1228 1289 1443 1400 praelueere

322 1399 492 1514 poffinte
519 1403 643 1510 qualis
672 1403 728 1494 est
730 1401 924 1594 princeps
952 1401 1067 1508 uestri
1089 1399 1248 1484 senatus
1261 1399 1442 1522 Amariap

323 1509 519 1614 Sacerdos,
540 1513 607 1598 *vir
630 1510 672 1594 in
686 1513 727 1614 ju
756 1510 838 1594 iciis
857 1510 1147 1596 versatiffimus:
1175 1506 1286 1620 quod
1302 1507 1440 1618 srqurd

322 1617 506 1702 inciderit
522 1621 571 1704 ad
593 1623 761 1705 Civilem
777 1623 897 1732 magis
911 1613 1158 1732 prudentiam
1173 1645 1289 1725 quam
1305 1617 1353 1701 ad
1374 1620 1441 1730 jn-

320 1727 377 1810 ris
401 1727 672 1840 cognitionem
696 1731 907 1839 pertinens,
932 1731 1036 1814 adest
1050 1727 1162 1817 uobis
1182 1725 1361 1828 Sabadius
1387 1727 1437 1812 ls-

323 1837 512 1943 maelites,
538 1837 609 1950 qui
632 1837 675 1922 in
690 1869 749 1926 eo
763 1841 1002 1926 deliberandi
1014 1864 1160 1954 genere
1174 1837 1316 1947 primas
1332 1839 1436 1946 obti-
1491 1875 1495 1894 ·

319 1969 414 2032 net:
442 1947 583 2036 deinde
602 1948 752 2055 habetis
768 1949 957 2036 alseffores
980 1949 1360 2040 Levitasmultarum
1376 1977 1435 2035 ar-

320 2057 425 2155 tium
439 2058 578 2168 peritid
602 2060 844 2144 excellentes.
881 2062 1055 2160 Tantum
1071 2062 1170 2145 bene
1185 2057 1348 2142 animati
1358 2062 1435 2166 elle

323 2179 360 2254 d<
375 2195 489 2276 aequo
511 2170 696 2277 bonoque
710 2196 869 2277 operam
884 2172 986 2272 date,
1017 2174 1127 2254 Deus
1146 2189 1282 2284 caetera
1298 2170 1435 2269 ,seeun-

323 2273 446 2358 dabit.
489 2277 654 2363 Videtur
663 2281 828 2364 omnino
849 2279 1029 2364 sabadias
1050 2275 1164 2362 fuiffe
1180 2279 1434 2389 princeps&-

317 2385 448 2486 ‚natur
501 2389 604 2470 Nam
629 2415 766 2470 vocem
792 2409 866 2478 'utu
892 2389 1052 2472 Hebraei
1066 2415 1142 2498 ¹per
1165 2406 1289 2481 Nutu
1313 2416 1434 2497 expo·

319 2517 436 2616 nunt.
493 2502 557 2578 lta
576 2517 704 2582 autem
730 2499 878 2584 constat
895 2498 1132 2610 appellatum
1152 2502 1312 2604 Senatus
1320 2499 1433 2607 prin·

321 2629 357 2684 cr
388 2631 461 2688 em.

319 2711 322 2722 ’
358 2633 437 2798 pEx
459 2711 520 2798 his
541 2742 629 2824 quae
651 2715 816 2802 diximus
840 2740 1000 2828 apparet
1025 2719 1144 2822 etiam
1165 2727 1312 2830 Regae
1338 2750 1433 2808 con·
1492 2691 1493 2745 l

318 2821 459 2906 stituto
472 2852 650 2934 magnam
661 2823 773 2910 fuisse
790 2831 949 2915 senatus
963 2829 1236 2915 studiositatem
1248 2843 1284 2932 ὁ(
1297 2832 1434 2942 Regiae

192 3018 196 3026 x
323 2933 433 3014 velut
446 2961 603 3042 parem:
631 2935 790 3047 quippe,
806 2960 851 3022 ut
866 2939 1024 3022 Hebraei
1042 2941 1219 3051 Magistri
1239 2943 1349 3046 redte
1363 2971 1436 3028 nn·

317 3035 427 3144 tant,
448 3049 538 3128 Rex
561 3041 712 3154 ipsede
734 3046 963 3156 quibusdam
987 3042 1105 3154 pausas
1123 3079 1206 3137 non
1227 3049 1437 3157 judicabar,

315 3161 359 3248 ,ἃ
373 3149 440 3234 sua
451 3151 597 3261 judicia
618 3185 700 3239 non
714 3155 786 3240 nili
798 3157 933 3268 gladio
955 3159 1244 3268 exsequebatur.
1301 3167 1437 3269 Atque

322 3258 400 3342 huc
418 3262 613 3369 pertinere
641 3265 796 3350 videtur
818 3267 927 3376 quod
951 3267 1047 3351 dicit
1065 3269 1251 3372 sedecias,
1273 3277 1438 3372 Senato-
1489 3373 1490 3378 Ν

322 3371 429 3452 ribus
473 3371 656 3456 eremium
675 3376 911 3484 Prophetam
934 3375 984 3462 ad
1007 3399 1174 3480 mortem
1190 3379 1439 3491 deposcenti·
1489 3379 1490 3411 ¹

318 3481 406 3584 bus,
435 3376 519 3586 llere
531 3501 652 3564 contra
667 3515 727 3566 vos
748 3483 963 3598 nililpotest.
998 3488 1178 3594 Quinne
1192 3490 1440 3601 ueniffequi·
1488 3491 1489 3498 ‘

324 3590 411 3674 dem
436 3591 585 3712 Regem
608 3593 646 3675 in
669 3601 865 3702 Senatum,
890 3626 941 3680 ne
954 3595 1019 3700 sud
1032 3597 1224 3682 sententia
1242 3601 1328 3686 aliis
1342 3605 1440 3700 een·
1487 3613 1489 3678 J

321 3695 430 3782 sendi
445 3702 632 3786 adureret
645 3704 878 3812 libertatem,
904 3708 1240 3810 Hebraeilnotantt
1261 3733 1438 3820 ¹euceptn

321 3809 488 3907 Davide.
544 3813 665 3920 Qud
697 3807 864 3900 diximus
889 3844 976 3899 cum
1007 3815 1207 3927 Josepho,
1242 3821 1439 3928 Philone,

322 3945 488 4037 cumque
523 3921 609 4030 iplis
636 3925 756 4010 Sacris
779 3924 916 4032 literis,
943 3925 985 4006 in
1009 3924 1160 4032 summo
1186 3932 1437 4030 hoc¹Senatu

322 4024 434 4139 {urile
459 4033 695 4144 Sarerdotes,
723 4064 805 4124 nou
835 4033 1030 4124 refellitur
1054 4040 1227 4144 Historid
1250 4043 1436 4164 Jeremiae

682 4175 700 4226 1
827 4179 832 4190 ·
1187 4183 1189 4186 ·
1345 4178 1438 4265 quae
