2974 4624
253 169 525 272 Sermonem
537 161 749 267 Domini:
772 161 939 268 Mart.
958 201 1003 292 5.†
1077 199 1107 270 2
1114 203 1177 302 55

84 318 184 404 tirirl.
210 317 276 404 Est
302 319 344 402 in
367 319 468 400 hanc
490 342 570 398 rem
594 315 775 398 notabilis
798 320 949 398 Seneca
973 315 1176 402 sententia.

138 448 199 528 46.
215 432 299 511 Tira
309 427 420 535 μιῶὶν
434 425 536 524 litem
564 451 668 534 quam
682 422 866 506 mercedem
879 422 1044 506 habehim
1056 425 1090 529 Ρ]
1105 426 1181 510 Ni·

85 537 224 622 mirum
249 535 352 644 apud
373 540 523 618 Deum.
560 538 663 616 Nam
699 534 801 642 apud
831 533 1006 618 homines
1034 535 1181 620 habeut

86 647 388 732 illamercedem.
417 643 518 728 Vide
530 669 615 749 quae
629 639 838 752 sequuntur
854 641 954 726 infra
978 665 1015 728 6.
1064 653 1068 662 '

137 767 179 840 ol
189 755 332 853 namur,
342 750 543 864 publicant]
558 752 782 836 Publicanos
798 752 944 862 ludaeos
957 751 1066 838 fuill'e
1080 755 1181 838 male

86 887 202 974 negat
222 864 511 953 Tertullianus;
545 871 719 970 quem&
743 863 922 944 Matthaei
943 875 980 949 ἃ
1006 863 1182 950 Zatchaei

86 975 304 1080 exemplum
332 973 510 1054 revincit.
544 976 776 1078 Qanquam
796 971 973 1053 existimo
996 971 1113 1055 etiam
1139 973 1183 1062 iu

82 1083 228 1207 Judael,
253 1103 298 1164 ut
316 1079 358 1162 in
370 1081 455 1162 aliis
475 1080 683 1188 provinciis
697 1079 899 1183 Romanis,
911 1075 1101 1190 mantipes
1120 1079 1184 1164 fu·

90 1193 156 1275 ille
166 1192 323 1302 Equites
336 1196 558 1274 Romanos!
585 1187 648 1272 sed
671 1190 763 1296 quia
789 1187 849 1270 illi
866 1215 935 1297 per
958 1186 1186 1276 seexercere

33 1369 36 1380 .
92 1302 285 1410 publicum
313 1328 393 1382 non
421 1317 617 1408 poterant,
636 1297 780 1405 Judaeis
798 1298 971 1401 elocasse,
998 1321 1065 1382 aut
1080 1321 1186 1383 certe

91 1435 157 1494 eoa
184 1406 365 1492 admifille
386 1409 428 1490 in
452 1428 598 1515 partem
627 1405 806 1514 quaestbs:
834 1408 939 1515 quod
969 1407 1093 1516 ipsum
1115 1440 1193 1501 nos,

90 1518 210 1602 docet
218 1525 389 1601 Gomara
400 1515 657 1600 Thalmudica
676 1521 740 1598 De
753 1515 896 1598 damno
917 1514 1009 1598 dato
1032 1517 1135 1602 libro
1152 1552 1188 1608 1.

88 1655 179 1736 rap.
197 1660 254 1708 no.
291 1631 448 1726 Quanta
459 1645 586 1706 autem
599 1624 718 1706 fuerit
734 1625 1028 1707 publicanorum
1040 1627 1189 1736 improe

93 1737 206 1840 bitae,
231 1755 315 1818 tum
338 1735 607 1844 Baptiltaead-
622 1731 723 1841 ipsos
744 1731 868 1814 sermo
891 1731 1016 1838 docet,
1042 1757 1126 1819 turn
1150 1726 1190 1824 δὲ

87 1843 369 1960 jurisconsulti,
396 1845 616 1953 inquorum
636 1867 797 1924 numero
809 1841 1015 1949 Ulpianus,
1039 1845 1191 1954 Qanrae

96 1952 263 2055 medaria,
284 1972 425 2062 *quanta
440 1952 643 2034 temeritato
656 1951 727 2058 stat
736 1949 997 2032 publicanorum
1002 1952 1194 2060 fullones,

96 2092 191 2144 nemo
217 2062 265 2171 est
290 2065 352 2172 qai
378 2064 519 2168 nesciat.
556 2063 686 2144 Exstat
705 2058 808 2170 apud
832 2061 990 2144 Livium
1018 2067 1191 2148 narratio

95 2171 146 2256 de
162 2172 396 2258 rosthumio
422 2171 629 2280 publicano
656 2169 723 2279 qui
751 2169 882 2252 multis
916 2173 1025 2252 annis
1058 2201 1191 2280 parem

98 2280 233 2366 fraude
246 2282 483 2386 avaritilque
500 2281 692 2362 neminem
718 2279 916 2362 habuerat.
957 2283 1076 2388 Apud
1103 2283 1191 2365 Plu·

100 2393 276 2474 tarchum
297 2393 351 2471 est
376 2392 424 2472 de
444 2387 610 2492 Graecis,
646 2396 691 2470 m
716 2392 852 2470 πλωνεῖν
884 2385 1019 2481 luel&
1044 2393 1193 2494 ἡγοαῦτη

99 2499 257 2610 Ιῐεᾶἑςαὶ
273 2497 451 2580 conducere
467 2495 589 2608 probro
615 2495 752 2578 meunt.
809 2504 950 2582 Verum
967 2499 1093 2608 Judaei
1111 2529 1194 2586 non
1220 2490 1231 2511 χ

99 2629 251 2692 tanturn
264 2607 550 2715 improbitatem
563 2605 719 2715 quaellui
736 2606 960 2716 plerumque
967 2633 1195 2711 connexam,

99 2716 161 2803 ud
181 2716 310 2828 ipsum
325 2718 440 2798 etiam
459 2717 640 2824 questum
666 2712 983 2798 exsecrabantur:
1012 2717 1196 2800 nimirum

99 2829 203 2936 quod
245 2826 447 2932 indignum
477 2824 677 2906 crederent
705 2824 843 2935 Judaeo
869 2823 1028 2908 homine
1057 2823 1196 2935 instru-

103 2957 277 3021 mentum
292 2933 552 3016 lieriexternte
563 2931 768 3034 servitutis,
792 2959 907 3041 quam
921 2933 1197 3046 ipltaegerrime

106 3047 336 3145 tolerabant,
348 3041 445 3126 adeo
457 3063 501 3124 ut
515 3041 627 3123 multi
643 3038 721 3150 ipsa
734 3043 850 3123 etiam
865 3037 1009 3124 tributa
1022 3055 1058 3129 bt
1076 3047 1198 3129 vetti-

105 3153 344 3262 guliaspecie
366 3151 520 3262 pietatis
539 3153 763 3254 abnuerent,
790 3145 1027 3259 utJosephus
1047 3156 1197 3240 nordo-

106 3287 167 3348 cet
190 3275 228 3350 u
254 3259 457 3370 Evangelii
484 3260 652 3342 historia.
695 3261 766 3342 His
785 3256 834 3340 tle
861 3258 975 3346 causls
1000 3263 1200 3348 Publiceni

108 3373 222 3478 plane
246 3371 383 3455 eodem
414 3370 504 3452 loco
525 3369 763 3452 habebantur
791 3395 872 3476 quo
891 3373 1008 3462 ibren>
1030 3371 1201 3476 Gentiles,

109 3479 149 3566 id
173 3483 240 3584 el’t,
265 3481 444 3584 aulonam
469 3478 663 3586 alienigene
695 3485 718 3558 a
742 3483 832 3560 Deo
852 3477 981 3562 alieni.
1035 3487 1088 3563 Et
1138 3480 1201 3562 uia

109 3595 298 3699 ἁμαρτωλοὶ
328 3589 581 3672 Hebraeorum
606 3585 797 3694 Magistris
817 3584 918 3668 diui
935 3607 1095 3676 mittun
1153 3617 1202 3671 oc

108 3701 163 3786 est
178 3690 364 3811 affuerat,
385 3696 520 3789 timulo,
533 3695 676 3803 exleges,
692 3693 855 3798 diffidati,
866 3693 937 3802 qul
952 3721 1075 3804 neque
1085 3697 1202 3808 Legit

112 3804 633 3919 nequedisciplinaeJudaicae
654 3803 771 3882 ullam
788 3803 980 3884 habebant
1000 3805 1204 3912 rationem,

114 3938 321 4024 propterea
346 3912 544 4000 Publiceni
569 3913 689 3996 modo
714 3913 928 4018 junguntur
951 3913 1086 4002 ὲὲπνιιωῖς
1108 3918 1203 3998 Gen-

113 4023 245 4128 tilesbas,
269 4023 389 4113 modo
418 4029 628 4130 ἁμαρτωλοῖς
643 4015 890 4130 peccatoribus,
912 4047 956 4105 ac
972 4026 1203 4112 nominatim

1137 4169 1203 4234 'mle'
