2974 4624
302 191 398 291 168
621 181 980 284 Adnotationes
1006 183 1078 283 ad

266 383 269 390 ·
295 345 428 448 Quare
458 339 514 422 ita
536 339 687 448 optime
716 341 888 444 verteris,
915 336 1069 449 Expedit
1090 340 1181 418 enim
1205 335 1272 419 tibi
1295 341 1417 419 unum'

293 447 517 640 minim
540 449 606 534 tibi
633 453 751 568 perire
784 478 827 529 ne
857 465 965 530 totum
991 463 1109 558 corpus
1122 445 1336 559 projiciatur
1362 449 1410 529 in

294 589 338 670 ge
361 587 494 639 ennam.

259 735 262 742 .
352 669 479 754 risum.
500 667 719 780 gebennam]
740 617 847 754 'Vox
882 665 950 748 istu
975 693 1063 777 quae
1094 665 1215 749 modo
1243 691 1410 774 compe·

298 801 382 862 tate
394 778 579 887 supplicia
594 780 751 862 dlterius
765 778 882 859 seculi
894 777 1097 887 figurabat,
1110 776 1409 860 nunctranssate

286 888 432 971 eadem
449 909 572 972 notat.
610 897 662 972 Et
686 889 895 972 Matthaeus
913 885 1069 994 quidem
1085 886 1185 967 nihil
1206 887 1309 967 ultra
1333 886 1408 970 ad·

289 996 416 1100 didit,
428 997 576 1108 quippe
587 999 796 1081 Palaestinae
810 995 1090 1078 habitatorlbus
1106 995 1283 1100 scribens,
1297 993 1408 1104 apud

298 1135 398 1216 quos
421 1108 571 1216 pridem
595 1135 673 1190 vox
692 1107 858 1190 istaeum
880 1103 1026 1189 sensum
1041 1123 1266 1214 acceperat:
1292 1125 1340 1186 ut
1350 1131 1422 1188 ex·

300 1237 474 1302 veterum
489 1221 744 1300 Hebraeorum
768 1217 876 1299 libris
905 1237 1076 1328 apparet.
1125 1225 1278 1298 Marcus
1294 1239 1407 1318 vero,

300 1347 347 1408 ut
377 1339 414 1413 dr
439 1327 508 1436 qui
527 1328 563 1410 ei
591 1329 785 1410 vocabulo
801 1325 927 1407 minus
955 1322 1053 1408 sueti
1075 1345 1186 1408 erant
1211 1325 1291 1408 vim
1321 1326 1407 1432 eju·

300 1437 578 1560 inpelligerent,
601 1434 782 1558 opposuit
813 1433 933 1558 eripui
955 1433 1089 1528 dodun
1113 1433 1225 1544 Quem
1246 1435 1405 1516 inuenerin-

231 1581 233 1584 ·
294 1543 468 1656 guebelem.
513 1554 679 1628 Ponrtur
716 1567 845 1627 autem
879 1571 920 1626 m
944 1544 1004 1626 his
1031 1544 1139 1627 libris
1163 1543 1307 1652 ubique
1328 1571 1405 1652 pro

234 1668 240 1686 “
300 1653 498 1762 suppliciis
522 1657 605 1764 post
620 1652 975 1759 Resurrectionem,
1008 1681 1088 1736 non
1114 1677 1188 1764 pro
1213 1653 1311 1738 statu
1333 1652 1404 1762 qui

300 1762 850 1850 mortemarresurredlionem
862 1763 1078 1847 intercedit.

361 1901 417 1972 31.
447 1875 551 1984 Ερῥέῇη
574 1873 610 1984 ᾗ,
628 1873 769 1998 Diuum
789 1871 838 1983 est
861 1875 996 1976 autem]
1022 1871 1222 1958 Nimirum
1240 1882 1262 1954 d
1279 1872 1405 1976 Mose,

299 1983 398 2092 jussu
413 1985 580 2086 Divino,
592 2011 674 2067 non
696 2005 852 2092 prrvato
862 1983 981 2065 Mosrs
993 1980 1169 2088 consilio,
1194 1982 1303 2090 quod
1318 1982 1403 2064 sen·
1483 2047 1484 2052 u

300 2091 347 2174 fit
359 2095 549 2215 Origenes
565 2107 601 2180 ὅ(
621 2118 708 2173 eum
732 2090 879 2176 secutus
893 2090 1135 2182 Ambrosium
1162 2119 1278 2282 poem
1295 2119 1404 2176 erro‹
1483 2109 1484 2126 *

301 2227 441 2283 rernm
461 2203 672 2286 Ptolemaeo
695 2203 862 2310 quodam
886 2201 1057 2309 graviter
1070 2229 1160 2284 accu
1179 2223 1218 2283 at
1233 2203 1405 2310 Epipha-

301 2313 408 2393 nius:
438 2309 507 2392 nisr
529 2313 603 2393 hoc
627 2312 759 2418 potius
774 2309 917 2394 sensrffe
935 2333 1113 2418 putemus
1137 2312 1351 2421 Origenem
1366 2324 1404 2399 dt

303 2418 562 2524 Ambrosium,
589 2420 736 2503 &Mose
757 2420 886 2506 haec&
912 2420 988 2502 alia
1010 2419 1185 2529 quaedanr
1206 2422 1322 2531 hujus
1336 2447 1405 2531 ge·

301 2530 405 2612 neris
425 2557 498 2636 pro
511 2529 719 2638 prudentii
737 2523 801 2611 sul
825 2531 1044 2640 excogitata
1067 2530 1240 2615 &relata
1261 2531 1310 2613 ad
1324 2537 1406 2614 De-

300 2665 379 2743 um,
388 2641 457 2748 qui
471 2665 514 2721 ea
529 2639 670 2720 deinde
683 2658 728 2720 ut
743 2639 802 2720 isti
822 2641 971 2747 populo
984 2653 1019 2726 ἃ
1033 2639 1272 2748 temporibus
1294 2667 1407 2724 com·

301 2747 419 2832 moda
444 2749 679 2858 probaverit.
735 2751 853 2832 Certe
876 2753 1036 2833 Denter.
1072 2783 1104 2831 1.
1127 2778 1158 2845 3.
1193 2779 1223 2844 5.
1246 2779 1277 2831 r.
1307 2771 1345 2831 6.
1368 2783 1407 2833 1.

302 2880 436 2966 aperte
454 2858 598 2942 dicitur
624 2857 753 2942 Moses·
784 2859 934 2967 populo
974 2855 1209 2967 proposuille
1242 2885 1287 2940 eu
1315 2885 1409 2968 quae

302 2971 411 3051 Deus
434 2989 683 3077 praeceperat:
714 2967 810 3051 lnde
837 2989 964 3050 autem
990 2968 1038 3052 ad
1071 2989 1187 3077 caput
1210 2966 1330 3077 usque
1356 2968 1409 3051 de

302 3075 479 3161 divortio
503 3107 602 3162 unus
628 3081 681 3160 est
704 3100 820 3188 atque
842 3079 1046 3161 continens
1071 3075 1209 3160 sermo.
1262 3084 1411 3187 Neque

301 3211 398 3268 vero
409 3187 592 3272 credibile
606 3190 659 3270 est
674 3192 836 3289 Molem,
862 3187 931 3297 qui
945 3191 993 3269 de
1011 3186 1037 3266 l
1028 3187 1135 3294 pecie
1153 3189 1406 3272 controversi

301 3292 394 3404 juris
410 3295 684 3378 hereditatium
711 3295 942 3406 respondere
967 3293 1066 3378 nihil
1091 3297 1219 3382 voluit
1239 3303 1333 3382 Deo
1348 3297 1417 3380 in··

301 3403 495 3512 consulto,
524 3405 566 3488 in
592 3433 635 3488 re
650 3404 839 3490 momenti
862 3406 990 3489 multo
1016 3407 1172 3516 majoris
1199 3409 1409 3518 quicquam

302 3515 537 3600 constituiffe
549 3517 627 3600 Dei
651 3515 801 3626 injullu.
846 3521 986 3624 Neque
1002 3519 1152 3601 moveri
1172 3543 1409 3630 quemquam

301 3624 345 3708 in
374 3627 608 3711 contrariam
625 3625 854 3712 sententiam
874 3624 1037 3722 debuit,
1062 3626 1171 3737 quod
1201 3629 1302 3712 Moli
1328 3629 1410 3712 hoc

301 3731 454 3818 sudium
473 3736 642 3820 alleribit
666 3735 840 3820 Christus
856 3734 958 3818 infra
989 3771 1048 3838 ¹9·
1064 3753 1096 3822 8.
1129 3743 1242 3820 'Nam
1273 3737 1417 3846 puffim

301 3868 348 3922 ea
365 3847 482 3928 etiam
504 3875 590 3954 quae
612 3851 737 3929 &Deo
750 3843 928 3954 profedla
949 3871 1065 3928 nemo
1085 3843 1252 3951 dubitat,
1268 3845 1414 3953 Molee,

1480 3363 1482 3413 l

301 3950 448 4060 quippe
468 3957 590 4038 ledlus
606 3957 645 4038 in
666 3983 749 4037 eam
763 3981 842 4038 rem
858 3964 881 4037 d
896 3960 987 4038 Deo
1002 3954 1185 4062 minister,
1197 3957 1346 4040 -dixiue
1364 3980 1413 4041 ac

299 4061 519 4170 praecepille
532 4088 780 4169 memoratur,
790 4087 834 4148 ut
848 4063 948 4150 infra
966 4081 999 4155 8.
1012 4097 1048 4169 4.
1061 4075 1160 4156 Mar.
1183 4101 1215 4154 1.
1229 4096 1291 4171 44.
1305 4097 1411 4210 ppo.
1479 4065 1480 4084 ¹

304 4177 421 4256 Lucae
436 4202 467 4270 5.
488 4200 547 4273 14.
1342 4190 1410 4266 ‘oe
