2974 4624
55 4254 128 4280 a

177 1981 179 1986 ’
281 1973 420 2057 Paulus

276 206 380 307 23o
539 169 982 277 'rAdnotc'ztioner
1002 173 1075 275 ad
1175 163 1179 173 ’

1473 197 1475 236 l

273 327 394 438 plinl.
421 331 526 414 Nam
544 325 613 438 qui
636 325 774 436 sponte
791 325 855 410 sud
877 331 985 414 red're
1007 325 1170 434 faciunt,
1197 353 1264 420 eos
1278 325 1386 412 nihil
1474 309 1475 314 Ν

275 437 623 548 opus'estcoerceri
638 437 729 519 mali
744 435 968 523 formidine.
1000 447 1142 525 Verum
1158 437 1302 522 docent
1316 465 1389 522 not

277 547 475 653 vaticinio,
501 547 617 630 docet
643 575 770 630 rerum
793 571 954 632 eventus
982 547 1177 632 Mundum
1201 577 1284 631 non
1314 549 1389 630 elle

278 657 554 759 Christianum,
591 653 656 738 sed
682 683 773 744 vere
803 657 1040 742 Christianos
1072 657 1271 740 minimam
1314 658 1390 738 effe
1473 701 1475 706 v

266 766 419 853 rMundi
433 767 684 878 portionem:
710 771 838 876 Leges'
854 789 980 850 autem
998 763 1207 890 respiciunt
1216 764 1261 848 id
1278 766 1389 876 quod

281 877 508 984 plerumque
528 877 680 959 accidit.
708 879 840 977 Quare
857 905 944 960 cum
965 879 1123 962 humani
1136 903 1287 985 generis
1302 903 1393 984 pare

279 985 519 1094 majornunc
543 984 588 1068 fit
603 1015 685 1070 non
699 927 839 1070 iminus
854 987 982 1098 σκρκικῆ
1008 987 1164 1068 carnalis
1176 1013 1294 1096 quam
1307 1005 1393 1076 erat

277 1095 396 1178 Mofis
417 1115 530 1178 aetate
554 1121 646 1205 gens
669 1097 908 1212 Judaeorum‚
950 1097 1061 1180 fimili
1084 1099 1225 1180 morb'o
1253 1095 1393 1198 similia

279 1201 368 1287 sunt
389 1203 608 1288 adhibenda
621 1206 802 1295 remedia.
847 1211 987 1316 Neque
1010 1207 1114 1289 enim
1130 1205 1206 1288 fine
1227 1205 1394 1314 publicis

276 1313 439 1425 Judiciis
475 1341 578 1396 nunc
606 1315 731 1395 tutior
757 1313 830 1395 ell‘e
860 1317 984 1424 potest
1015 1314 1240 1398 innocentia
1272 1344 1394 1422 quam

281 1446 365 1506 tum
387 1423 477 1506 fuit.
520 1428 752 1614 Qanpuam
784 1451 879 1506 vero
907 1431 990 1508 Lex
1019 1427 1196 1528 Hebraea,
1222 1443 1268 1506 ut
1291 1425 1396 1506 dixi-

281 1559 377 1636 mus,
394 1539 416 1610 d
431 1537 518 1616 Deo
534 1533 624 1613 data
651 1553 683 1614 rt
703 1531 776 1616 soli
799 1536 948 1642 populo
963 1537 1146 1638 Hebraeo,
1171 1555 1304 1616 tamen
1319 1534 1393 1616 du·

280 1641 389 1722 bium
407 1671 488 1723 non
513 1643 567 1724 est
588 1641 684 1752 quin
702 1670 786 1722 eam
801 1647 906 1726 redte
921 1644 1063 1728 imitari
1081 1646 1284 1754 potuerint
1297 1671 1393 1754 gen·

282 1772 339 1832 tes
364 1772 522 1834 caeterae.
566 1753 681 1836 Nihil
710 1753 831 1862 igitur
854 1755 1012 1836 allatum
1029 1785 1109 1864 quo
1136 1756 1286 1852 constet
1313 1755 1396 1836 haec

284 1861 616 2054 publicadludicia
652 1867 742 1944 Deo
775 1861 983 1970 displicere.
1038 1875 1125 1948 lmo
1153 1864 1395 1960 contrarium

474 1995 575 2074 ocet,
598 1998 687 2052 curn
707 1971 804 2052 dicit
826 1975 1018 2080 publicam
1043 1975 1267 2082 potestatem
1284 1975 1397 2072 &Deo

282 2079 496 2184 ordinatam,
523 2089 557 2162 ὅ
582 2081 651 2162 Dei
673 2077 867 2186 ministram
888 2085 962 2187 effe.
1014 2089 1153 2192 Neque
1191 2084 1311 2164 enirn.
1337 2081 1397 2164 in·

199 2278 202 2286 ,
283 2191 408 2298 telligi
426 2191 465 2274 id
480 2189 606 2298 potest
621 2189 669 2270 de
691 2187 769 2312 sold
794 2194 965 2314 providd·
982 2192 1225 2298 permissione
1239 2204 1278 2286 de,
1294 2191 1396 2274 dire·

284 2298 431 2402 ἃίοηε,
459 2297 661 2406 quomodo
692 2320 809 2380 ettam
830 2301 1034 2383 latrocinia
1061 2307 1169 2386 Deus
1198 2301 1399 2410 permittit

284 2404 413 2516 eisque
430 2409 566 2496 utitur.
593 2413 696 2491 Nam
720 2437 767 2490 ex
789 2409 832 2490 ed
854 2412 1103 2494 ordinatione
1117 2411 1193 2493 sive
1210 2410 1397 2495 instituti·

283 2543 362 2608 one
394 2517 532 2600 Paulus
571 2517 723 2628 colligit
756 2519 948 2602 honorem
978 2522 1032 2604 eis
1068 2521 1399 2620 &obedientiam
1474 2533 1475 2538 '

285 2625 402 2707 etiam
418 2654 466 2707 ex
486 2629 619 2710 animo
643 2627 801 2708 deberi:
829 2630 936 2736 quod
963 2629 1012 2710 de
1036 2631 1250 2712 latrociniis
1269 2630 1400 2712 rebul-

284 2761 361 2845 que
375 2736 494 2837 aliisi
514 2743 601 2819 Deo
614 2737 795 2845 permissis
808 2737 884 2820 dici
903 2767 983 2822 non
1000 2741 1138 2846 potest.
1159 2737 1286 2822 Sentit
1301 2767 1398 2848 ergo

288 2851 379 2927 Deo
401 2867 511 2956 grata
535 2847 608 2928 elle
640 2871 683 2928 ac
708 2845 856 2953 placere
885 2849 1038 2955 publica
1062 2849 1234 2955 imperia.
1277 2849 1399 2954 Qnie,

286 2953 383 3062 quid
404 2977 532 3039 autem
547 2960 601 3040 est
614 2959 655 3039 in
673 2969 758 3066 quo
768 2962 875 3041 Deus
895 2955 1014 3042 eddon&
1018 2957 1059 3068 se
1069 2955 1223 3065 oblecrat,
1236 2958 1277 3042 id
1289 2959 1402 3040 recle

150 3073 152 3078 '
287 3065 503 3171 praestatur.

343 3173 540 3280 Capitalia
565 3195 693 3257 autem
721 3175 864 3288 judicia
886 3175 983 3262 adeo
1005 3205 1087 3260 non
1109 3176 1281 3260 excludit
1304 3184 1402 3263 Pau·

290 3283 361 3386 lus,
387 3304 432 3363 ut
450 3281 498 3368 de
524 3285 569 3364 ea
592 3309 702 3390 parte
731 3285 886 3394 imperii
910 3283 1056 3394 publici
1076 3289 1274 3396 praecipue
1299 3307 1402 3395 agat.

179 3449 189 3462 κ
287 3393 359 3475 Ait
384 3393 694 3500 enimpublicam
709 3395 1113 3501 potestatem'Deieffe
1138 3395 1335 3502 ministram
1350 3395 1414 3481 ad.

290 3501 384 3593 iram
403 3507 425 3610 'l
438 3501 478 3584 id
492 3503 558 3605 est,·
583 3503 631 3584 ad
647 3529 821 3613 poenam,
847 3533 935 3588 nam
960 3524 1048 3612 eum
1068 3503 1215 3588 sensum
1233 3509 1398 3615 plerum·

287 3613 434 3718 qoessea
462 3641 540 3696 vox
556 3611 697 3718 habet)
725 3615 907 3724 adversum
923 3613 1116 3718 maleficos:
1142 3629 1177 3702 ἃ
1197 3616 1306 3728 quod
1319 3641 1404 3700 am-

286 3722 388 3826 plids
401 3725 468 3827 est,
496 3723 550 3806 ait
565 3753 631 3803 non
646 3722 790 3832 frustra
805 3723 849 3806 ab
865 3756 909 3804 ea
924 3726 1082 3834 gladium
1095 3723 1207 3832 ferri,
1237 3727 1288 3810 ad
1304 3723 1408 3810 istud

284 3827 788 3938 seilicet·ministerium‚“ut
813 3856 1019 3920 contextus
1047 3837 1256 3918 verborum
1273 3836 1408 3918 docet.

286 3937 413 4040 Glnoii
450 3963 579 4024 autem
611 3945 770 4028 nomine
808 3945 961 4052 publiea
995 3943 1143 4055 Iudicia
1167 3939 1355 4054 tanquam
1386 3949 1411 4052 b

289 4045 523 4180 nobiliffimtl
536 4050 595 4144 sui
609 4072 730 4164 parte
743 4042 1039 4176 nuncupantem
1067 4053 1224 4144 unde&
1250 4055 1291 4141 in
1310 4061 1408 4176 Jure

324 4197 327 4203 ’
346 4200 350 4206 ·
373 4193 397 4234 τ’
417 4195 423 4201 ’·
1275 4180 1276 4188 ’
1341 4190 1404 4278 1116
