3034 4622
308 185 377 284 14
699 141 1017 282 Eucharistiae.

302 309 403 412 Qae
428 302 509 389 rita
532 331 638 390 mors
660 302 812 413 prioris,
838 310 875 392 δι
897 329 1000 388 mors
1016 302 1153 388 mortis
1171 301 1247 388 esta
1357 337 1362 350 ¹

303 417 394 502 Vita
408 411 489 525 ipsa
507 414 598 498 vita:
614 435 768 498 mortua
790 415 890 496 hanc
905 413 1026 497 vitam
1043 413 1163 498 dedit.

303 521 414 636 Qid
438 521 535 607 illud
559 549 655 634 ergo
670 523 723 605 est
737 551 819 636 quo
836 547 1009 607 creamur
1031 522 1192 608 denuo?

303 639 418 756 Aqua
439 632 564 743 prima
584 653 713 716 rerum
735 653 869 718 mater.
911 637 966 716 At
989 658 1076 743 quae
1090 633 1299 744 suppetunt

304 744 504 827 Alrmenta
524 744 637 850 natis,
658 743 773 827 duret
793 763 837 826 ut
851 743 942 826 vitae
955 761 1082 847 tenor,

301 861 355 937 Et
373 855 488 937 aurea
510 852 632 938 virtus
653 853 772 936 robur
797 849 1025 936 insolidum
1048 857 1188 936 exeat?

303 961 429 1066 Panis,
441 986 676 1074 merumque
700 961 931 1045 sanouinen
949 983 1074 1064 terra,
1098 984 1247 1046 merum

301 1071 450 1154 Dixere
470 1093 638 1157 veteres:
665 1068 769 1156 farra
800 1095 871 1154 unt
891 1091 1006 1154 terrae·
1028 1096 1146 1156 caro:

302 1186 364 1264 Ut
385 1207 481 1292 ergo
504 1181 627 1265 fomes
650 1181 717 1264 ille
741 1201 889 1264 naturae
906 1181 1014 1264 calor

301 1291 403 1375 Vitae
427 1291 552 1400 priori
577 1289 790 1396 consulens,
813 1291 966 1373 uultum
989 1308 1111 1374 novat

300 1399 534 1508 Faciemque
553 1401 678 1504 rebus,
704 1401 792 1483 unit
820 1397 1078 1503 dudifformia²

300 1508 446 1590 Vinum
473 1529 517 1591 ut
543 1507 589 1593 fit
611 1509 763 1594 homini
784 1499 948 1618 sanguis,
968 1517 1004 1596 dt
1022 1507 1131 1620 panis
1156 1533 1268 1592 caro:
1383 1551 1387 1560 »
1500 1508 1503 1517 “

300 1617 363 1700 Sic
384 1617 486 1726 ignis
511 1619 609 1702 alter
632 1617 716 1722 iste,
743 1639 890 1704 naturae
909 1617 1011 1702 nihil

300 1730 425 1837 Leges
454 1749 636 1834 moratur,
665 1725 812 1840 nosque
835 1729 1035 1838 perficiens
1062 1733 1186 1832 amor,

300 1840 363 1918 Ut
378 1837 481 1920 intus
498 1838 698 1921 hominem
723 1837 865 1948 pascat,
890 1837 1036 1926 &vitre
1050 1837 1163 1922 alteri

300 1947 655 2051 Ministretaudius‚
679 1947 839 2032 tranfitu
857 1947 959 2030 miro
988 1946 1082 2029 facit

300 2058 363 2137 De
385 2079 669 2164 panecarnem,
692 2054 818 2166 deque
845 2055 939 2136 vino
962 2049 1200 2164 sanguinem,

301 2169 469 2248 Carnem
493 2163 636 2268 salutis,
662 2177 699 2252 dt
726 2163 856 2247 salutis
878 2161 1115 2272 sanguinem.

298 2277 362 2366 Ut
377 2273 443 2356 iile
465 2294 591 2382 potua
615 2282 651 2361 δι
674 2275 794 2378 cibus,
819 2272 888 2384 qui
908 2299 1075 2381 corpora

298 2381 518 2465 Hominum
535 2379 635 2466 solet
647 2383 810 2486 nutrire,
836 2406 983 2466 mentes
998 2382 1170 2466 nutriat:

297 2498 360 2574 lta
374 2491 481 2601 quod
504 2516 650 2576 merum
673 2492 859 2606 panisque
874 2491 994 2596 carni,
1012 2500 1051 2578 dt
1075 2489 1253 2601 sanguini
1267 2489 1335 2594 est,

297 2605 389 2684 Hoc
410 2601 487 2711 jam
511 2628 603 2686 caro
624 2601 689 2688 san
717 2601 851 2714 uisque
882 2602 982 2687 fiunt
1007 2602 1214 2686 mentibus.
1256 2691 1262 2718 χ

298 2709 644 2822 Antiquushicest
686 2739 818 2796 ermo:
846 2713 986 2795 mentis
1004 2711 1129 2795 filium

298 2826 442 2904 Porum
463 2819 587 2925 frisse,
612 2823 674 2906 cui
697 2821 868 2906 madenti
895 2823 1053 2906 nediure

296 2930 480 3024 Permista
503 2929 618 3016 Penia
638 2931 778 3044 pignus
800 2930 968 3014 ediderit
990 2927 1151 3036 sacrum,
1178 3001 1180 3012 .

298 3039 504 3132 Hunceffe
518 3048 716 3126 Amorem.
744 3039 895 3125 Scilicet
907 3043 1034 3126 Natus
1050 3039 1133 3124 Dei

298 3153 478 3232 AEternus
494 3147 585 3260 ipse,
604 3173 735 3234 mente
752 3151 801 3234 ab
824 3150 968 3234 aterni
982 3145 1094 3252 satus,

297 3258 505 3342 Pulchrdm
564 3259 792 3370 ePrincepr,
817 3257 944 3344 forma
961 3257 1088 3343 vitalis
1109 3255 1205 3340 boni

297 3373 344 3448 In
367 3398 448 3480 quo
464 3284 643 3480 reffiget,
660 3376 710 3456 δι
730 3371 911 3482 perennis
928 3367 1067 3478 gratia,

257 3567 263 3582 ,
296 3479 505 3588 Exemplar
530 3477 727 3584 omrem,
748 3493 798 3578 2&
821 3479 1042 3590 exemplum
1064 3476 1201 3578 Patris,

297 3589 448 3692 Species
462 3585 571 3698 quod
583 3615 716 3673 omnes
729 3589 932 3672 continens
958 3613 1078 3669 unum
1093 3583 1201 3690 facit,
1308 3591 1311 3596 '

298 3697 393 3802 Qo
410 3701 550 3782 cundia
572 3699 629 3784 vis
652 3697 800 3798 Divina
823 3695 937 3808 seque
960 3695 1160 3808 intelligit.

298 3805 376 3896 Hic
399 3806 464 3887 ille
490 3808 610 3910 dives,
635 3805 756 3890 infitae
777 3829 891 3918 quem
914 3805 1064 3890 conscia·

299 3912 534 4036 ¹Prirmtionis
557 3915 684 4003 nostra
712 3937 916 4030 paupertas
938 3915 1034 4024 adit,
