3034 4622
297 150 359 248 16
688 125 1004 274 Eucharistiae.

171 303 186 316 ”
291 298 611 384 contaminatam
633 297 795 406 posteris
811 315 964 380 carnem
982 295 1111 380 dedit:
1140 311 1146 336 ’-

290 409 377 491 Hie
398 405 544 516 pariter
563 431 698 489 omnes
722 411 856 502 aDeo
882 403 1122 512 discessimns,

290 524 344 602 Et
360 518 411 598 ab
426 517 551 600 altero
577 513 688 620 aiter,
714 515 898 626 quodque
912 513 1057 600 fuimus
1073 545 1156 602 non
1169 513 1315 602 summ:

290 625 364 710 Sed
380 623 485 710 aliud
500 651 549 707 ex
563 651 659 731 uno,
681 620 744 710 sed
759 653 808 712 ex
829 626 963 734 aliquo
977 624 1090 710 nihil.

282 738 421 822 Novae
433 732 835 844 sedauttoroptimus
854 735 960 838 vite,
982 733 1049 818 sua
1145 734 1148 740 ’
1208 777 1210 784 ·

289 847 404 949 Puri,
426 842 626 928 innocenti
642 869 757 928 carne
777 843 943 929 donavit
958 842 1058 930 suos.
1143 866 1144 870 ‘

290 955 377 1040 Hac
397 955 563 1038 restituti
587 981 672 1058 nos,
697 966 734 1042 δι
763 954 865 1038 uniti
889 961 994 1058 Deo,

290 1071 346 1148 Et
358 1063 472 1149 alteri
484 1062 595 1166 alter,
620 1061 728 1174 quod
744 1059 888 1158 fuimns
903 1064 1043 1146 iterum
1063 1060 1205 1168 sumus,

291 1180 346 1259 Et
370 1171 476 1258 aliud
490 1199 611 1256 unum
630 1174 697 1277 est,
723 1183 762 1259 ot
774 1172 873 1256 nihil
893 1170 1040 1257 fastum
1059 1174 1217 1256 omnia:

293 1283 541 1395 conjunctus
562 1281 837 1366 animnscarne
858 1309 945 1366 cum
959 1283 1100 1389 nostri,
1125 1282 1222 1370 facit
1352 1297 1354 1304 '

293 1393 424 1481 Vitam
443 1391 629 1502 priorem,
656 1417 770 1476 carne
792 1419 880 1475 cum
898 1391 1021 1502 prolis
1044 1391 1122 1476 Dei

292 1502 429 1589 Vitam
447 1500 664 1585 secundam.
706 1506 803 1596 Non
824 1529 954 1586 amans
975 1521 1056 1584 tam
1080 1499 1119 1584 se
1146 1527 1276 1615 penes,

283 1615 424 1718 Quam
441 1637 558 1722 penes
572 1630 742 1694 amatum
760 1609 836 1694 est:
865 1610 969 1694 unde
983 1637 1064 1695 non
1079 1632 1159 1696 tam
1174 1640 1247 1698 nos
1265 1637 1357 1699 caro

293 1719 438 1808 Nostra
457 1717 685 1823 maculosos,
709 1747 825 1830 quam
840 1722 920 1805 Dei
933 1746 1052 1832 puros
1073 1718 1179 1807 facit.

195 1918 197 1920 ,
293 1837 407 1917 Mors
430 1855 553 1934 amor,
573 1841 610 1917 ἃ
634 1829 736 1915 idem
764 1831 867 1924 vitm
895 1859 998 1916 mors
1020 1830 1125 1918 idem
1140 1830 1270 1937 domi,

294 1937 485 2051 Forisqne
500 1941 603 2027 vita:
630 1947 793 2050 propter
814 1941 896 2026 haec
910 1941 1040 2024 nostri
1063 1941 1166 2022 mori

295 2051 381 2135 Nos
395 2077 510 2134 carne
531 2047 656 2153 decet,
684 2071 727 2129 ut
743 2053 857 2132 carne
879 2049 1053 2134 vivamus
1073 2049 1167 2133 Dei.

254 2235 259 2243 .
296 2161 384 2242 Lex
401 2178 511 2246 vetus
532 2184 673 2263 amare,
700 2183 771 2240 nec
783 2185 886 2242 nova
901 2156 1007 2242 aliud
1020 2157 1210 2270 precipit,

270 2289 274 2294 ’
296 2269 431 2352 Primo
453 2273 597 2370 Deum,
622 2265 822 2354 deinde&
846 2265 1020 2380 effigiem·
1035 2271 1124 2351 Dei.
1180 2319 1182 2323 -

297 2381 407 2462 Deus
430 2375 512 2486 ipse
526 2371 615 2482 sese,
640 2381 801 2463 Deus&
824 2373 904 2486 ipse
925 2377 1105 2461 homines
1124 2397 1249 2461 amat:

297 2484 489 2569 Homines
508 2512 676 2571 amemus
697 2485 831 2596 igitur,
856 2505 902 2568 ut
922 2513 1091 2572 amemus
1113 2491 1258 2572 Deum.

298 2603 463 2704 Propter
479 2593 516 2677 se
531 2595 715 2680 amandus
735 2599 862 2684 Deus:
890 2595 1012 2680 homo
1031 2617 1194 2707 propter
1205 2601 1362 2683 Deum:
1388 2589 1393 2602 ’“
1498 2590 1506 2709 i

298 2703 508 2788 Permulta
528 2705 669 2789 amoris
683 2727 830 2788 motus:
858 2724 900 2788 at
914 2705 955 2790 in
976 2733 1058 2790 uno
1073 2707 1196 2817 quies.
1498 2722 1502 2737 '

264 2814 265 2818 '
299 2817 515 2926 Utcunque
541 2815 619 2898 late
634 2813 770 2898 circuli
792 2815 901 2924 patet
923 2815 1101 2920 ambitus,

298 2923 451 3008 Tamen
464 2923 592 3020 omnis
612 2924 703 3009 inde
718 2925 821 3007 linea
835 2925 877 3007 in
891 2945 1027 3008 centro
1040 2926 1137 3010 coit.
1159 2927 1161 2932 ’

300 3034 467 3118 Fructus
491 3031 557 3116 hic
570 3034 713 3118 amoris
726 3035 780 3118 est
801 3034 981 3144 voluptas
1005 3035 1185 3135 maxima,

227 3204 229 3208 ,
300 3141 650 3230 Terramcolentes
670 3171 758 3254 quae
778 3141 890 3252 supra
912 3145 1059 3226 coelum
1080 3143 1198 3245 locat,

299 3253 649 3364 AEternitatemque
671 3254 881 3338 antevertit
901 3276 1090 3362 tempore.
1194 3303 1196 3308 ,

300 3361 499 3450 mathie
522 3364 665 3446 amoris
685 3361 785 3465 usus,
810 3389 859 3444 ex
875 3359 913 3444 se
926 3364 1087 3486 gignere
1181 3401 1186 3408 ·
1225 3369 1228 3376 ’

299 3473 422 3583 Qod
439 3471 559 3556 simile
582 3493 713 3558 amato
727 3475 800 3566 est;
827 3473 904 3556 hoc
927 3501 968 3555 m
984 3470 1117 3554 animo
1131 3469 1295 3555 dirimat

299 3582 614 3668 Meditationem.
654 3583 797 3669 Nostra
815 3611 921 3666 mens
936 3583 1057 3692 igitur
1083 3587 1212 3667 Deum

299 3691 478 3803 Figunt,
500 3689 702 3804 ipsumque
722 3692 912 3804 imprimit
927 3691 1132 3800 pulchrum
1146 3689 1216 3773 fibi

299 3799 471 3914 Ligante
492 3831 605 3888 vero:
635 3805 801 3914 namque
814 3800 991 3912 cognitio
1012 3803 1066 3884 est
1086 3801 1256 3912 duplen3
1378 3827 1383 3910 j

300 3909 375 3995 Illa
390 3912 445 3997 est
461 3911 610 3998 amoris.
618 3935 756 4018 mater,
783 3913 865 3997 haec
886 3913 940 3997 est
959 3910 1064 3998 filia:

690 4051 712 4120 5
1332 4015 1403 4107 Sed
