2974 4624
216 197 490 300 Sermonem
505 191 713 297 Domini.
751 191 906 299 Mart.
928 152 967 320 5⁵.
1038 229 1070 298 2
1077 231 1155 324 51,

39 348 210 460 populos
233 349 415 434 definitos
434 353 560 433 aDeo
583 349 833 436 constitutum
845 370 940 455 erat,
966 346 1137 458 aliovor-

39 457 123 542 sum
145 479 307 542 traxere.
451 553 456 562 ,
631 535 632 540 Γ

96 570 169 652 Sed
193 568 293 654 illud
314 569 469 680 quoque
496 570 625 652 notari
650 571 859 673 convenit,
895 598 978 654 non
1005 569 1140 656 omnia

40 701 236 787 praecepta
258 679 416 764 Divinae
440 678 558 790 Legis
579 679 754 761 omnium
773 677 883 762 fuiffe
908 703 1139 790 temporum.
1220 721 1225 744 ι

40 789 146 870 Nam
173 815 259 898 quae
283 787 332 871 de
355 787 508 900 praediis
530 807 640 870 erant
664 787 885 893 constituta,
917 817 963 872 ea
990 810 1140 874 certum
1170 787 1173 794 ’

41 897 99 978 est
130 897 171 979 in
197 895 330 980 exfilio
366 897 605 998 Babylonico
632 925 713 980 non
746 895 909 1008 potuisse
933 897 1161 1002 observari.

40 1031 130 1086 cum
150 1006 291 1114 pradia
313 1005 442 1089 vidior
455 1005 663 1090 obtineret.
703 1006 763 1090 Sic
780 1006 898 1090 etiam
919 1007 1005 1116 post
1020 1003 1141 1088 trans·

40 1113 162 1197 latam
183 1113 224 1196 in
237 1119 436 1198 Romanos
454 1113 637 1196 summam
654 1115 818 1226 imperii,
845 1113 912 1226 etsi
933 1115 1141 1208 manebant
1162 1155 1164 1160 ·
1196 1177 1199 1184 .
1234 1201 1240 1216 ,

39 1222 174 1411 aliqua
191 1223 328 1306 veteris
353 1223 593 1332 Reipublicae
614 1223 785 1334 vestigio,
821 1225 923 1334 leges
939 1246 1070 1316 tamen
1092 1221 1161 1314 de,

9 1335 11 1386 ⁵
40 1332 111 1412 bel
128 1359 153 1412 o
170 1331 375 1416 indicendo
386 1331 634 1444 gerendoque
659 1331 829 1436 silebant,
856 1361 949 1442 quia
969 1335 1144 1418 emiuen-

9 1453 11 1496 ἰ
41 1439 129 1524 tior
151 1439 217 1522 illa
241 1443 419 1548 potestas,
445 1469 531 1552 quae
557 1467 751 1534 armorum
779 1441 1061 1525 movendorum
1082 1441 1143 1554 jus,

41 1547 89 1629 in
110 1547 148 1631 se
173 1551 458 1660 compledtitur,
484 1551 532 1633 ad
556 1555 760 1647 Romanos¹
783 1549 991 1636 tranfierat.
1047 1553 1145 1636 Non

9 1671 14 1722 ἱ
41 1678 133 1742 erat
162 1685 257 1770 ergo
283 1663 389 1768 quod
417 1652 561 1744 Christi
588 1682 761 1765 tempore
784 1657 911 1774 Judaei
938 1661 1039 1770 leges
1063 1659 1145 1769 ejus

71 1768 199 1850 eneris
218 1767 286 1849 suo
303 1769 344 1852 in
360 1770 449 1852 alias
465 1790 599 1879 gentes
617 1769 713 1850 odio
738 1769 1008 1854 obtenderent.
1049 1769 1145 1850 Sub·

9 1889 18 1942 r
42 1793 137 1958 {tis
156 1875 277 1986 igitur
288 1878 362 1960 illis
380 1878 670 1988 exceptionibus
683 1906 776 1987 quas
790 1877 903 1962 certis'
914 1876 1028 1962 caufis
1040 1881 1148 1960 Deus

9 2001 18 2088 ἦ
44 1983 338 2176 gt‘aescripserat,
366 1988 556 2100 integrum
579 1991 757 2070 manebat
766 1993 834 2097 Jus
851 1989 1028 2093 Naturae,
1040 1984 1149 2096 quod

14 2113 20 2164 1
79 2093 227 2178 omines
240 2111 374 2181 omnes
387 2095 607 2180 hominibus
627 2095 883 2180 commendat.
912 2089 1148 2203 odddrixdpir

9 2225 21 2304 r
47 2201 283 2313 vd'uradaiq,
311 2209 425 2286 Nemo
446 2203 550 2331 hostis
578 2206 654 2288 viro
676 2205 769 2312 bono,
794 2226 941 2292 veteres
961 2201 1151 2312 sapienter

10 2336 23 2387 u
48 2312 179 2394 dicere
202 2311 336 2396 solitos
352 2315 407 2396 ait
432 2317 644 2398 Hierocles.
685 2323 774 2400 Huc
803 2316 976 2400 Christus
994 2313 1162 2424 Judaeos.

10 2417 25 2498 it
47 2423 248 2505 retrahens
272 2421 448 2532 praecipit
473 2421 620 2532 aliquid
650 2425 770 2533 majus
792 2429 899 2532 Iege
927 2421 1052 2510 Civili
1081 2429 1151 2538 Ju·
1283 2444 1285 2456 ·

11 2553 25 2610 u
48 2526 171 2613 daica.
208 2531 305 2615 Ideo
325 2559 405 2615 non
425 2533 525 2614 male
543 2532 821 2638 Tertullianus,
847 2537 924 2616 Len
939 2551 1037 2614 verns
1057 2559 1152 2612 omr-

11 2643 125 2722 trem
140 2638 236 2722 dom
249 2639 287 2722 in
301 2642 491 2752 proximos,
517 2643 624 2724 Nona
645 2641 684 2723 ir
698 2663 892 2726 extremos.
927 2647 1068 2752 Neque
1095 2662 1154 2724 ta-

12 2749 264 2858 'rm'enquod
293 2751 464 2848 Christus
481 2749 615 2833 docuit
643 2777 730 2834 cum
743 2757 851 2864 Iege
876 2749 1154 2860 Mostspugna·

12 2887 29 2944 r
50 2859 133 2959 bat,
161 2857 292 2945 imo&
317 2859 419 2968 apud
439 2859 589 2941 Mosem
606 2861 711 2976 Juris
734 2861 838 2944 istius
860 2858 1038 2970 perpetui
1069 2884 1163 2942 non.

13 2966 215 3074 uobsqura
239 2969 435 3050 exstabant
466 2967 634 3078 vestigia.
668 2975 771 3054 Nam
800 2998 849 3050 eo
869 2971 956 3080 jure
978 2965 1155 3050 vixerant

14 3079 31 3168 d
53 3077 310 3178 Abrahamuq
325 3075 483 3179 Isarcus,
492 3079 669 3188 Jacobus‚
684 3077 888 3194 Josephus‚
896 3076 1075 3160 homines
1089 3071 1156 3158 de·

14 3201 32 3279 n
53 3184 246 3267 nieoendis
268 3185 599 3288 hominibusnati,
619 3187 687 3294 qui
702 3213 858 3269 omnem
876 3183 1156 3273 beneficiitol-

21 3294 214 3385 nlocandi
238 3295 472 3380 occasionem
498 3297 694 3405 ponebant
713 3297 754 3380 in
777 3297 908 3390 lucro;
936 3319 1157 3406 quanquam

16 3403 213 3504 nillomm
228 3423 448 3512 temporum
467 3401 632 3487 directio
653 3435 733 3490 non
757 3407 844 3488 talis
872 3433 916 3488 ac
943 3424 1052 3486 tanta
1074 3419 1159 3488 erat

16 3555 31 3613 a
81 3533 242 3596 nautam
270 3513 445 3598 Christus
477 3513 660 3624 praecepit
683 3525 719 3600 ὃ(
745 3515 925 3622 exemplo
946 3511 1017 3596 suo
1047 3535 1163 3614 mom

16 3672 30 3730 Ἡ
54 3541 212 3706 dravit:
241 3621 337 3704 Ideo
350 3623 431 3705 haec
455 3644 645 3730 precepta
658 3651 738 3706 nou
761 3619 832 3708 nist
849 3618 953 3732 apud
973 3615 1160 3707 Christiar

17 3753 127 3838 'qnos
145 3731 323 3839 reperiri,
349 3731 403 3813 ait
419 3733 704 3814 Nazianzenus.
906 3807 910 3814 .
1068 3808 1072 3819 .
1108 3809 1111 3816 .

18 3865 38 3950 d
111 3869 175 3940 44.
206 3842 356 3938 Amori-rr
382 3839 443 3924 τὲς
461 3838 597 3948 ἐχθρὲ,
639 3837 774 3952 diligite
800 3837 957 3920 mimicos
988 3833 1162 3947 vrjlroq]

18 3949 183 4064 winde
197 3948 358 4032 inimicos'
383 3971 499 4031 vocat
526 3946 677 4033 eosdem
708 3975 806 4056 quos
823 3948 983 4056 μισὲντας
1008 3943 1084 4036 odio
1104 3977 1164 4030 ac-

19 4060 185 4174 qatenssq
210 4060 279 4172 qui
294 4057 426 4148 hostili
445 4059 487 4176 in
513 4086 585 4146 noe
610 4053 871 4181 fontaninio:
900 4057 1101 4168 potestque
1116 4053 1165 4247 dd

38 4173 116 4274 Γ
172 4233 194 4252 ·.
586 4177 692 4254 112
935 4269 940 4280 ι
1066 4243 1068 4250 ,
1144 4185 1166 4246 e
