2974 4624
258 199 532 320 Sermonem
545 209 754 315 Domini.
781 206 938 314 Mati.
956 247 998 335 5.
1082 241 1208 338 227,

11 383 20 472 t
80 365 178 448 inter
194 365 337 449 amicos
358 363 529 475 quidem,
555 391 625 472 per
641 365 824 474 praecepti
845 365 1006 447 modum
1026 369 1048 449 i
1068 367 1183 448 nobis

11 489 19 546 Ι
79 472 258 584 exigitur,
272 497 317 558 ut
333 476 417 558 aliis
432 474 504 554 effe
529 475 690 557 velimus
705 471 1047 584 diinvremifflonem
1068 475 1182 558 uobis

11 571 18 692 i
79 577 492 693 duldivtribulatiomm,
519 606 564 663 ut
577 586 713 666 Paulus
734 583 1180 694 loquiturzcorinthn.

11 709 18 764 t
82 723 139 793 13.
180 698 262 778 Cur
277 693 397 804 igitur
416 693 464 774 de
483 693 562 775 vitd
578 691 683 773 aliud
702 693 897 776 dicamus?
921 697 1026 778 Nam
1042 694 1184 780 fidicas
1207 758 1209 762 -

11 821 17 872 ¹
79 805 199 887 vitam
222 804 376 886 alterius
402 801 514 884 bonis
538 801 881 910 effedignione1n;
907 802 1124 886 sanetanto
1146 819 1182 892 dt

11 901 41 980 i·
80 914 162 1006 vita
177 913 304 995 nostra
329 912 440 993 bonis
459 913 512 992 est
527 911 696 1021 dignior.
739 922 875 1022 ltique
897 935 1029 993 manet
1050 915 1184 998 eadem

11 1049 17 1098 i
76 1022 244 1124 mumoniae
257 1021 438 1133 prmortio.
478 1023 656 1130 Suntqui
673 1043 909 1130 praeceptum
921 1025 1014 1105 No'e'
1027 1023 1185 1131 ejusque

11 1144 15 1210 t
77 1127 212 1220 liberis
229 1131 359 1214 datum
376 1151 529 1238 urgent,
555 1159 637 1240 quo
655 1151 806 1212 vetatur
820 1129 934 1212 fundi
946 1127 1097 1240 sanguis
1112 1132 1186 1214 hu·

11 1272 15 1316 ι
76 1265 223 1322 manus.
255 1248 396 1325 Verum
414 1239 513 1321 idem
528 1240 603 1322 hoc
616 1245 769 1323 Natura
784 1240 982 1350 praecipit:
998 1265 1038 1322 at
1053 1241 1186 1324 omnid

11 1347 13 1420 i
75 1369 267 1456 ptaecepta
278 1348 496 1454 Naturalia,
516 1349 763 1458 quantumvis
780 1347 1047 1432 universaliter
1063 1363 1187 1432 euun-
1231 1369 1232 1373 ‘

11 1487 23 1542 i,
77 1457 187 1560 tiata,
206 1459 352 1541 habent
365 1457 446 1542 suas
459 1486 507 1539 ex
522 1485 635 1567 aequo
659 1459 818 1543 &bono
833 1461 1091 1568 exceptiones.
1132 1457 1187 1542 Et'

11 1599 13 1618 ³
76 1565 254 1651 videmus
275 1567 442 1677 populos
456 1594 601 1672 omnes,
628 1595 793 1676 quorum
820 1567 1062 1653 consentiens
1081 1567 1186 1678 judi·
1316 1610 1321 1631 ι

75 1675 186 1758 cium
207 1705 290 1759 non
304 1699 448 1759 temere
469 1675 597 1784 sperni
622 1676 736 1760 debet
764 1681 891 1781 (nam,
910 1697 954 1758 ut
966 1677 1188 1762 Heraclitus

75 1785 247 1888 dicebat,
273 1795 289 1866 d
318 1782 413 1887 {uuit
436 1789 560 1888 niu&
586 1785 671 1878 iunii
694 1787 862 1893 numiam
887 1785 1067 1867 commum
1092 1789 1188 1866 ratio

67 1893 187 2010 fidum
201 1895 248 2003 est
260 1895 473 2002 indicium),¹
492 1897 547 1976 ita
562 1903 632 2010 Jus
649 1895 745 1977 illud
759 1901 921 1980 Naturae
941 1895 1190 2003 interpretari

77 2025 123 2086 ut
151 2004 398 2088 innocentem
427 2004 683 2114 pt6nuntient
711 2005 778 2114 qui
807 2031 893 2085 cum
922 2005 1034 2086 aliter
1065 2005 1188 2090 vitam
1247 2033 1252 2043 ’

78 2113 184 2214 tueri
208 2116 385 2224 nequiret
417 2115 499 2195 vim
522 2113 589 2196 fibi
611 2113 840 2196 inferentem
869 2113 1069 2197 occiderit.
1124 2119 1190 2198 De

76 2249 160 2330 quo
177 2223 318 2306 Cicero
334 2223 429 2305 dicit
453 2222 700 2334 manscriptam
712 2221 846 2332 exstare
865 2219 929 2327 sed
938 2225 1190 2336 mtamlegem‚

76 2359 187 2439 quam
202 2363 268 2412 nm
287 2332 488 2432 didicimus,
509 2335 709 2441 accepimus,
733 2333 888 2442 legimus,
915 2361 1033 2412 verum
1049 2361 1092 2414 ex
1112 2333 1198 2441 ipsd·

74 2443 211 2521 naturd
234 2438 648 2553 arripuimm‚baustmus‚
675 2439 903 2553 exprefflmm.
941 2443 1107 2527 Videtur
1123 2469 1191 2524 au-

74 2571 156 2632 tem
179 2551 319 2633 debere
336 2559 420 2634 Lex
439 2553 515 2630 Dei
543 2551 644 2632 idem
663 2549 812 2636 didam
826 2549 933 2660 quod
946 2555 1112 2656 Natura,
1133 2552 1189 2633 ita

73 2660 218 2770 accipi,
233 2661 436 2768 quomodo
452 2659 532 2768 ipsa
547 2667 698 2744 Natura
715 2661 972 2768 accipiendam
991 2664 1191 2762 monstrat,

77 2769 150 2851 nisi
179 2770 344 2852 addatur
358 2771 506 2878 aliquid
531 2769 744 2879 expreffius.
784 2779 878 2852 Una
900 2767 1009 2850 causa
1031 2773 1084 2850 est
1104 2793 1191 2876 quae
1288 2827 1292 2833 ,

77 2879 175 2962 vitae
201 2881 377 2988 periculo
401 2880 587 2990 aequanda
612 2879 788 2961 videatur
803 2899 831 2980 ‚¹¹
854 2878 880 2960 fi
904 2877 990 2984 quis
1019 2879 1192 2984 stuprum

75 2991 243 3099 corpori
257 3015 393 3098 parans
407 2988 564 3090 inferre,
577 2989 689 3069 aliter
712 3015 825 3097 quam
841 2986 1058 3068 occidendo
1072 2987 1192 3068 areeri

74 3121 260 3208 nequeat.
305 3104 445 3207 Neque
475 3099 581 3181 enim
607 3105 731 3206 Leges
756 3117 906 3178 tantum
933 3097 1009 3180 hoc
1032 3097 1193 3205 permit·

74 3227 187 3312 tunt,
214 3205 279 3289 sed
304 3206 428 3292 solent
449 3209 554 3292 faeta
571 3203 756 3316 ejusmodi
780 3205 882 3313 apud
897 3233 1038 3300 omnes
1065 3235 1193 3316 popu⁴

76 3317 141 3400 los
160 3318 310 3427 magnis
332 3317 508 3400 laudibus
536 3317 732 3420 celebrari,
759 3318 983 3426 exstantque
1014 3316 1132 3398 etiam
1152 3314 1194 3396 in

44 3473 46 3478 ·
72 3427 208 3517 veteri
225 3427 516 3513 Christianismo
533 3428 611 3538 ejus
626 3427 813 3532 exempla.

134 3538 263 3643 Quod
285 3538 485 3619 tamen-de
503 3537 585 3618 vitd
609 3535 736 3637 armis,
774 3533 802 3614 fi
828 3533 1021 3618 neceffitas
1047 3551 1196 3724 urffieat,

80 3647 231 3730 tuendi
247 3645 396 3729 dietum
421 3645 489 3749 est,
517 3645 557 3726 id
576 3673 656 3728 non
679 3645 839 3726 audeam
871 3641 1081 3754 proferrea
1134 3669 1195 3723 ar-

81 3755 247 3838 cendam
268 3757 361 3858 vim,
387 3783 473 3864 quae
487 3753 687 3838 infertur‘a
700 3755 854 3865 publici
866 3755 1066 3860 potestate.
1089 3755 1194 3836 Nam
1267 3783 1269 3788 ·

82 3864 126 3945 id
140 3891 270 3976 neque
289 3872 413 3974 Leges
430 3864 645 3976 indulgent,
674 3877 708 3949 d<
736 3863 1039 3970 stindulgeatur,
1066 3862 1195 3970 reipu-

79 3974 199 4056 bh'cae
224 3973 269 4056 stt
288 3973 558 4082 periculosum.
599 3975 728 4060 Ceffat
753 3971 1033 4082 &ratioqunm
1062 3973 1197 4053 attuli-

76 4109 183 4193 musi
228 4088 322 4170 Non
340 4084 443 4170 enim
465 4083 626 4196 aequalia
655 4077 809 4276 insterse
833 4079 921 4167 sunt
948 4085 1065 4182 bona,
1083 4101 1197 4270 {lum-
1221 4139 1227 4152 .

637 4200 671 4281 F
732 4225 753 4275 2
1026 4213 1091 4298 qut
1128 4209 1197 4288 itas
