3034 4622
180 211 201 220 ,
307 134 371 206 10
514 95 890 234 Baptizatorum
909 100 1185 204 Puerorum

301 254 409 366 Quid
425 251 452 338 fi
471 282 528 338 res
543 253 710 360 nostras,
737 252 764 338 fi
786 255 926 340 famam
942 256 1108 366 deniqne
1133 257 1303 344 laedant?

289 399 290 403 ι
356 373 492 450 Unum
513 363 660 450 advoca
687 361 872 476 duosque,
895 367 1023 476 plures
1038 369 1180 474 postea.
1454 361 1461 381 “

244 531 245 534 i
300 472 706 586 Qiidfipertendant,
733 477 799 560 vel
815 501 951 584 aperto
962 476 1123 558 crimine
1137 483 1318 588 peccent?

353 585 469 668 Tunc
485 579 770 772 segrepentura
793 585 950 694 piorum
969 587 1149 670 coetibus.

299 701 457 800 Semper
471 720 521 776 an
536 693 600 774 abi
615 692 698 776 enti
716 691 849 776 divin?
863 723 885 776 a
899 693 1010 806 plebe
1026 693 1264 801 manebunt?
1373 771 1375 775 ,

189 888 191 896 ,
349 807 496 887 Donec
513 802 646 886 dolere
659 803 805 886 crimen
827 801 1029 888 ostendant
1047 801 1127 886 fibi.

292 911 438 1025 Judicii
453 914 494 996 in
513 933 661 1021 partem
678 940 769 996 num
786 911 842 996 vis
859 913 911 996 est
927 913 1039 1026 hujus
1053 919 1282 1024 utramque?

352 1021 475 1104 Simul
488 1019 568 1132 ipse
585 1019 755 1126 damnat,
782 1020 888 1106 fimul
904 1037 939 1108 dt
965 1021 1129 1108 absolvit
1146 1029 1262 1106 Deus.
1297 1101 1299 1106 ,

297 1131 518 1216 Permissum
531 1160 611 1242 quo
624 1158 733 1228 more
746 1160 870 1219 novos
884 1129 1088 1216 inscribere
1108 1129 1236 1219 cives?

351 1242 501 1324 Tinrstu
517 1239 650 1350 sacrati
663 1239 786 1326 laticis
809 1241 991 1351 ingreffus
1007 1263 1125 1352 patet.

298 1355 382 1436 Cur
395 1351 515 1458 igitur
536 1347 740 1434 incusamus
762 1349 888 1436 adhuc
902 1351 949 1436 de
965 1372 1088 1435 matre
1110 1355 1306 1436 recentes?
1365 1439 1368 1445 Δ

353 1467 414 1542 Ut
428 1455 698 1562 consectentur
714 1459 789 1542 rite
801 1487 918 1570 quarn
932 1461 1099 1570 primum
1122 1464 1225 1548 Deo.

297 1570 445 1652 Nonne
457 1567 570 1652 fidem
588 1569 792 1682 premittit
803 1569 912 1678 aquis
929 1567 1076 1654 Divina
1089 1575 1282 1680 papyrus?

351 1674 465 1760 Fides
485 1701 688 1786 parentum
715 1691 751 1764 δι
781 1701 879 1781 uota
895 1675 1058 1792 prosunt
1081 1677 1224 1764 liberis.
1451 1761 1456 1770 ,

296 1790 397 1894 Qrae
417 1790 520 1874 bona
534 1783 730 1898 signantur
748 1787 956 1874 venerandi
969 1787 1139 1875 fluminis
1153 1786 1284 1873 undu?
1396 1852 1401 1863 .
1490 1806 1494 1823 ·

351 1897 488 2002 Venia,
505 1919 614 1980 ortus
627 1897 737 2000 alter,
752 1898 834 1982 vita
852 1897 900 1980 de
923 1899 1078 1982 tumulo
1102 1897 1237 1982 redux,

294 2005 387 2110 Dic,
412 2035 512 2120 aqua
535 2034 602 2088 cnr
622 2005 772 2092 veniam
790 2005 910 2088 saucit
925 2003 1060 2088 diffusa
1080 2033 1149 2114 pet
1171 2005 1320 2090 artus?

350 2118 521 2200 Maculas
542 2136 588 2196 ut
611 2109 739 2197 aufert
758 2113 875 2216 unda,
902 2111 953 2200 fic
977 2113 1129 2224 culpam
1141 2119 1261 2199 Deus.

295 2226 496 2334 Qaeritur
518 2222 728 2332 ¹an-meritis
748 2221 829 2306 haec
848 2222 1088 2338 indulgentia
1101 2223 1263 2308 nostris?

352 2339 434 2416 Dat
448 2333 548 2418 hanc
571 2330 636 2415 sua
658 2331 834 2420 bonitate
854 2354 1051 2442 permotus
1068 2344 1193 2442 Pater.
1227 2359 1231 2366 ·
1306 2437 1308 2444 Ι

295 2445 429 2530 Nemo
442 2443 562 2556 igitur
577 2443 688 2526 nobis
705 2441 855 2550 peperit
870 2465 947 2526 tarn
960 2443 1122 2556 grandia
1136 2443 1269 2531 dona?

353 2547 488 2636 lnsons
504 2549 611 2662 Jesus
636 2551 829 2660 imputato
842 2549 1035 2666 sanguine.
1392 2547 1394 2555 '

296 2663 378 2768 Qui
396 2662 496 2766 sunt,
518 2660 639 2772 prisca
654 2665 760 2746 Deus
777 2689 943 2774 quorum
955 2681 1109 2770 peccata
1131 2659 1320 2766 remittit?

241 2775 244 2782 ’
351 2773 434 2882 Qpi
458 2772 495 2854 se
516 2799 602 2856 reos
616 2769 800 2874 fatentur,
826 2783 862 2858 δι
884 2801 982 2882 quos
997 2769 1226 2884 poeniten·
1311 2831 1314 2838 ,

296 2887 424 2989 Qern
440 2881 606 2992 peccasse
621 2881 741 2992 pudet
754 2879 963 2966 veniaersrbi
976 2875 1148 2967 conscius
1160 2879 1345 2994 ergo'est?

352 2993 392 3075 Si
414 2992 616 3100 poilicenti
637 2991 774 3094 credit,
801 2989 940 3080 &fidit
965 2997 1067 3074 Deo.

297 3099 413 3184 Estne
436 3102 578 3186 iterum
601 3097 855 3210 tapsrsteniae
870 3097 953 3208 spes
967 3099 1056 3184 'ulla
1074 3097 1279 3208 superstes?

315 3231 317 3235 ’
353 3208 474 3313 Είῌι
495 3213 638 3319 patrati
652 3209 800 3294 sceleris
820 3237 868 3292 ex
889 3208 1021 3292 animo
1034 3206 1155 3320 piget.
1483 3236 1487 3257 ¹

290 3321 373 3405 2Sed
399 3319 495 3430 quid
511 3319 626 3402 haber
639 3317 809 3428 lymphis
829 3346 1035 3404 commune
1060 3317 1252 3409 recentior
1264 3323 1401 3424 ortus?
1481 3320 1486 3425 i

355 3439 417 3515 Ut
430 3427 571 3516 mersus
585 3427 698 3512 undis
717 3427 957 3513 Christianus
972 3429 1117 3512 interit.
1330 3439 1360 3522 ,’
1480 3434 1486 3525 Ι

300 3542 442 3630 Vivere
456 3563 497 3624 at
521 3539 624 3622 hunc
646 3534 716 3646 ipsi
737 3558 865 3622 tamen
877 3551 917 3644 x&
925 3537 1075 3650 'spirare
1093 3535 1276 3623 videmus.

354 3655 450 3735 Non
465 3649 667 3758 illeeulpae
681 3647 795 3752 vivit,
821 3670 889 3740 aut
911 3647 1027 3733 etiam
1049 3645 1129 3733 fibi.
1200 3751 1203 3758 ,

298 3762 494 3869 Qtaevita
509 3757 685 3844 induitur
707 3757 861 3840 meliori
875 3757 1108 3852 lucerenato
1123 3765 1144 3840 ?·

172 3883 173 3886 ‘
356 3867 420 3958 nd
435 3871 514 3982 ejus
536 3870 652 3956 instar
669 3893 784 3978 quem
808 3872 898 3952 Deo
917 3889 1078 3980 propter
1099 3867 1237 3978 placet.
1321 3964 1403 4060 Nl
1468 3971 1474 3976 ,

1373 4001 1386 4055 ι
