3034 4622
335 163 405 286 46
665 151 1025 255 Adnotationrs
1052 152 1127 253 ad

333 309 539 398 Eliberino
561 310 724 394 Canone
742 305 999 394 &decantato
1017 305 1087 388 illo
1102 303 1313 414 Epiphanii
1327 303 1443 392 fatto

284 427 288 434 ’
333 440 507 526 apparet.
567 417 756 526 imagines
776 419 963 500 exstantes
984 415 1103 498 serius
1120 416 1238 500 etium
1254 415 1295 496 in
1308 418 1442 500 Eccle-

335 526 402 610 fias
428 527 607 630 admilsae,
634 550 703 608 nee
730 525 806 608 sine
828 525 1039 608 multorum
1061 524 1202 627 renisu,
1229 551 1310 607 non
1334 525 1442 638 quali

334 636 421 746 lege
437 634 580 738 tetitae,
607 635 670 719 sed
684 635 777 746 'quia
791 636 913 718 errori
926 632 1051 717 ansam
1069 633 1160 716 dare
1174 635 1443 719 existimaban-

334 765 422 826 tur:
451 769 538 855 quae
557 745 854 828 ratiomanente
873 744 999 829 adhuc
1011 743 1234 854 paganismo
1249 769 1331 826 non
1343 745 1444 832 levis

336 878 528 939 momenti
550 876 646 939 erut.

397 995 429 1059 5.
459 971 506 1047 οὐ
522 964 743 1058 nominis
757 963 872 1059 ainis,
899 991 965 1045 non
984 959 1143 1046 adorabis
1158 965 1219 1068 ea]
1248 961 1443 1048 nonsatis

336 1071 474 1156 habuit
498 1079 604 1157 Deus
623 1072 768 1158 Israelis
783 1073 933 1182 populo
948 1069 1149 1154 consulere
1162 1070 1339 1156 adversus
1352 1095 1442 1180 pra·

335 1209 399 1266 vas
414 1185 493 1292 ejus
508 1184 623 1266 seculi
645 1183 865 1288 sententias,
892 1193 1067 1270 &mores
1080 1180 1122 1262 in
1138 1182 1178 1263 id
1195 1201 1345 1292 tempus
1357 1206 1440 1292 quo

334 1292 479 1374 vieburi
500 1313 612 1375 erant
633 1293 674 1374 in
699 1290 881 1374 societate
909 1292 1169 1400 popularium,
1195 1287 1324 1374 sedin
1351 1291 1442 1376 lon·

334 1427 426 1509 gum
457 1399 705 1514 prospiciens,
731 1401 914 1496 adhibere
946 1400 1145 1484 cautiones
1170 1399 1296 1484 voluit
1318 1399 1442 1482 etiam

334 1510 412 1592 illis
442 1512 718 1613 Hebraeorum‚
744 1511 813 1620 qui
837 1533 946 1594 extra
977 1510 1084 1590 suurn
1114 1511 1303 1620 populum
1328 1528 1442 1593 erant

336 1611 633 1728 peregrinaturi.
675 1625 857 1729 Namque
872 1621 939 1722 ibi,
952 1645 1040 1701 curn
1058 1619 1246 1728 impedire
1258 1646 1339 1700 non
1351 1615 1441 1730 pos·

332 1723 422 1810 sunt
445 1757 527 1838 quo
553 1730 678 1812 minus
699 1731 889 1812 exstarent
908 1725 1064 1840 sculpta
1092 1727 1347 1810 animantium
1370 1747 1441 1810 aut

332 1835 522 1920 astrorum
536 1837 733 1948 imagines,
760 1839 971 1923 remedium
987 1828 1091 1919 aliud
1111 1835 1372 1920 adhibendum
1385 1837 1443 1921 eis

333 1943 425 2050 fuit,
451 1975 501 2031 ne
522 1973 650 2058 pravae
670 1948 869 2056 opinionis
895 1975 938 2030 ac
966 1945 1131 2028 instituti
1152 1947 1200 2029 ad
1220 1973 1287 2030 eos
1306 1965 1442 2030 conta-

332 2056 444 2164 gium
466 2057 707 2166 perveniret:
736 2057 775 2136 id
801 2079 930 2139 autern
945 2051 1177 2137 meliuslieri
1197 2081 1277 2138 non
1296 2055 1444 2164 potuit,

331 2188 451 2272 ¹qutun
474 2165 502 2248 sr
528 2165 831 2273 prohiberentur
851 2166 974 2275 gestus
993 2185 1079 2245 cum
1102 2163 1149 2248 iis
1176 2167 1317 2248 habere
1334 2191 1443 2248 corn·
1492 2203 1493 2258 1

243 2371 244 2374 Ν
334 2298 482 2376 munes,
508 2275 647 2386 quibus
665 2299 775 2356 error
792 2275 857 2354 ille
874 2273 1125 2356 nutriebatur.
1202 2285 1204 2292 ⁴
1260 2336 1265 2342 .

388 2387 438 2462 οὗ
458 2385 680 2478 uomuisse
707 2386 748 2466 in
774 2387 941 2467 Hebraeo
965 2384 1020 2465 est
1045 2367 1308 2472 ttmnlln'ttb.
1349 2386 1444 2469 Vox

335 2493 500 2574 Hebraea
524 2499 618 2580 nnn
640 2492 728 2576 satis
752 2493 806 2576 est
830 2491 1039 2604 generalis:
1068 2515 1193 2602 neque
1208 2517 1304 2573 vero
1318 2489 1444 2574 animi
1493 2585 1494 2596 Ν

308 2599 310 2604 ’
334 2603 466 2682 astum
487 2600 673 2710 deignat,
698 2602 978 2709 serlcorporiss
1004 2601 1080 2687 srve
1102 2602 1134 2683 is
1153 2601 1221 2683 fiat
1244 2621 1361 2708 caput
1379 2601 1444 2686 in·

331 2709 532 2814 elinando,
560 2711 636 2802 five
662 2712 886 2795 inclinando
907 2733 1036 2796 toturn
1063 2737 1215 2818 corpus,
1250 2709 1327 2793 five
1354 2737 1445 2792 cur·

334 2819 470 2903 randis
483 2819 658 2930 genibus,
683 2822 759 2907 five
770 2819 997 2904 subsidendo
1010 2820 1050 2900 in
1066 2819 1246 2932 poplites,
1267 2819 1355 2923 sne,
1370 2821 1445 2928 qui

335 2931 740 3032 maximusesthonos,
764 2931 1069 3037 procumbendo.
1110 2928 1239 3012 Graeci
1253 2928 1447 3034 interpre-

329 3061 392 3119 tes
405 3065 474 3146 per
491 3043 680 3130 warois
698 3041 797 3124 hanc
809 3065 942 3123 vocem
958 3039 1082 3122 solent
1099 3056 1261 3137 vertere,
1271 3061 1351 3116 non
1362 3033 1449 3118 fine

327 3149 456 3230 eausi.
494 3153 598 3232 Nam
625 3150 720 3232 ficut
740 3149 841 3256 apud
858 3147 1034 3233 Orientis
1057 3146 1222 3253 populos
1240 3143 1449 3229 veneratio

218 3357 219 3360 Ν
335 3255 609 3339 ostendebatur
643 3259 758 3340 variis
781 3256 963 3338 flectendi
992 3253 1168 3362 corporis
1188 3247 1344 3356 formis,
1384 3249 1447 3335 ita

334 3367 437 3473 apud
457 3369 615 3450 Graetos
636 3391 791 3449 manum
806 3365 856 3460 ad
869 3393 913 3449 os
931 3360 1192 3464 admovendo,
1217 3360 1326 3472 quod
1346 3387 1443 3471 pro·

252 3493 257 3506 ‘
334 3477 420 3582 prie
439 3475 493 3560 est
508 3480 709 3565 wamel,
739 3476 852 3566 isio,
880 3483 917 3562 δι
939 3474 1031 3556 inde
1043 3473 1147 3556 ιιιιυὲω
1162 3468 1271 3580 quod
1285 3475 1339 3557 est
1350 3469 1446 3576 rrscu·

334 3585 399 3668 lor.
450 3587 537 3671 Nec
563 3586 669 3669 aliud
687 3585 873 3693 fignificat
897 3581 1083 3668 Laiinum
1103 3581 1265 3684 adorare,
1288 3605 1368 3662 non
1392 3579 1447 3660 ab

332 3721 447 3798 orare,
476 3697 500 3775 i.
516 3697 669 3807 necari,
692 3695 855 3800 fastum,
876 3715 920 3777 ut
934 3693 1103 3806 imperiti
1124 3687 1447 3774 hominesexisti·

333 3823 457 3904 mant,
490 3803 554 3888 sed
582 3808 704 3889 abeo
739 3806 847 3917 quod
871 3831 995 3886 manus
1021 3802 1246 3884 admoveatur
1272 3799 1337 3881 ori.
1394 3801 1454 3882 ln.

192 3968 194 3974 -
334 3911 489 4016 Glolsts,
510 3915 650 4018 odorat,
668 3919 852 4006 nonnosi.
891 3914 1014 4018 Alibi,
1027 3913 1252 4004 maturos,
1268 3905 1445 4012 adoratio,

332 4020 572 4108 adveneram.
615 4031 769 4110 Manum
791 4026 844 4111 ori
867 4023 1047 4108 admovere
1071 4020 1255 4106 dixerunt
1283 4015 1447 4214 Flitliniup,

340 4185 345 4191 .
528 4179 533 4186 .
1326 4145 1409 4210 ertu
1427 4169 1446 4188 ·
