3030 4618
354 157 451 257 130
628 201 632 224 .
667 115 1056 228 :Adnotationes
1072 91 1170 222 ad¹

347 306 431 362 non
456 274 643 385 usurpari,
669 293 839 360 attamen
866 301 948 358 non
969 301 1054 358 eam
1080 277 1117 354 a.
1130 271 1287 360 Christo
1314 270 1453 383 primi-

346 407 411 484 tus
436 409 640 498 repertam,
668 385 732 469 sed
753 383 965 468 desumtam
991 411 1040 466 ex
1062 381 1245 467 sermone.
1255 381 1456 490 populari,

349 496 454 580 unde
468 510 515 582 dt
539 491 760 604 Paradist&
781 491 947 576 Gabennae
972 493 1132 576 nomina
1160 491 1320 600 accepit.
1377 493 1455 576 His

349 605 378 688 sr
395 608 597 716 jungamus
616 633 662 686 ea
684 631 770 715 quae
784 601 907 686 modo
919 602 969 684 de
983 602 1196 686 Pharisaicd
1215 601 1331 710 Legis
1357 601 1454 706 obe·

347 715 496 800 dientid
516 713 622 798 dieta
636 725 657 796 a
671 713 785 815 nobis
801 709 902 816 sunt
925 713 1004 836 jam
1020 711 1122 796 clare
1142 709 1342 826 apparebit
1361 708 1454 796 fona

348 816 1453 1042 ‘alllltllllllllsslllllllqlssllltlltl,l

348 1044 417 1125 illa
443 1042 639 1126 factorum
665 1043 831 1126 habebat
853 1040 958 1125 suam
982 1039 1139 1124 badam
1158 1035 1452 1150 justificationem,

348 1151 415 1236 sed
438 1152 542 1261 apud
561 1152 760 1243 hominesa
786 1164 821 1242 dt
842 1152 1024 1259 proderat
1044 1149 1094 1232 ad
1115 1148 1369 1258 temporalem
1396 1147 1452 1230 fe·

347 1261 548 1346 licitatem.
611 1269 667 1344 At
690 1268 875 1369 Regnum
900 1261 1094 1344 coelorum
1127 1265 1150 1342 a
1180 1265 1270 1342 Deo
1300 1256 1452 1370 spiritu,
1503 1267 1506 1286 ¹

347 1401 433 1456 non
455 1371 514 1453 isti
538 1370 733 1478 corporali
764 1369 1009 1470 innocentie,
1035 1367 1099 1452 sed
1130 1366 1321 1476 spirituali
1345 1367 1451 1478 justi·

349 1481 417 1562 tiae
442 1501 526 1562 erat
550 1479 794 1584 destinatum,
819 1481 924 1590 cujus
946 1478 1034 1564 sons
1056 1479 1110 1562 est
1133 1477 1225 1561 fides
1251 1503 1341 1564 vera
1363 1504 1450 1588 quae
1505 1519 1506 1580 3

214 1671 216 1676 ,
348 1589 547 1674 inanimo
574 1589 642 1672 fita
668 1591 733 1672 est.
787 1595 891 1674 Nam
916 1589 980 1672 lex
1002 1588 1069 1672 illa
1094 1587 1263 1670 exterius
1280 1582 1452 1695 spectata
1505 1583 1506 1640 1

316 1793 318 1798 ,
349 1727 431 1782 non
451 1721 606 1807 poterat
618 1702 740 1784 anniv
757 1695 817 1780 all
831 1696 998 1792 wedam
1012 1697 1250 1806 conscientiam
1284 1691 1452 1804 erfislam'

325 1861 327 1868 ·
338 1807 479 1912 facere,
506 1813 704 1894 Hebraeor.
722 1845 757 1912 9·
775 1845 810 1912 9.
838 1806 904 1892 sed
927 1805 1111 1918 proderat
1131 1803 1219 1897 aede
1291 1803 1300 1830 “
1323 1810 1354 1889 ὁ
1377 1841 1448 1916 aup-

331 1916 404 2006 aas
426 1919 637 2028 καθαρότητα
657 1916 710 1998 ad
721 1915 993 2000 emandationem
1017 1915 1151 2021 carnis,
1177 1914 1271 1999 ibid.
1288 1943 1349 2015 13.
1389 1921 1447 1998 Ex
1505 1973 1506 1976 a

349 2027 428 2110 hoc
447 2025 665 2136 pernicioso
687 2053 820 2110 errore
834 2027 932 2108 illud
942 2024 1060 2108 ctiam
1075 2025 1316 2135 sequebatur,
1343 2023 1448 2134 quod

349 2163 437 2220 cum
460 2135 565 2220 facta
588 2136 655 2218 illa
678 2155 837 2218 externa
861 2134 1063 2218 crederent
1083 2161 1164 2218 uon
1192 2132 1319 2218 minus
1349 2132 1448 2242 apud

353 2249 484 2328 Deum
507 2269 622 2352 quani
654 2243 756 2352 apud
787 2241 965 2328 homines
985 2243 1168 2347 sufficere,
1194 2240 1249 2326 de.
1265 2241 1367 2325 serio
1386 2269 1448 2325 ex·

305 2394 309 2415 »
342 2353 518 2461 ‚petendi
543 2375 790 2462 peccatorum
814 2351 1030 2437 remiffione
1053 2373 1260 2436 nouerant
1278 2350 1450 2455 solliciti,

349 2459 1451 2682 taniratr{interturbaretur

350 2708 434 2765 ram
457 2686 676 2773 navabant;
717 2708 843 2791 neque
866 2679 999 2766 Meffit
1025 2681 1095 2764 tali
1126 2709 1225 2788 opus
1247 2680 1316 2765 fibi
1340 2702 1450 2788 puta-

352 2792 448 2876 bant
469 2792 538 2902 qui
564 2789 793 2912 medicinam
813 2789 967 2874 afferret
994 2789 1033 2872 ei
1057 2790 1160 2900 parti
1180 2817 1295 2901 quam
1317 2787 1388 2912 ipsi
1404 2815 1451 2870 ae-

350 2897 1453 3120 1111113111111111111111111111111

198 3136 200 3140 ‘
352 3119 540 3230 Epistola,
565 3119 734 3204 dilucide
758 3119 959 3204 ostendens
988 3121 1064 3202 hoc
1084 3117 1162 3202 else
1182 3117 1260 3201 illia
1282 3115 1453 3220 exitiale,

352 3227 462 3337 quod
484 3229 553 3308 Dei
563 3226 716 3337 justitie,
743 3257 831 3336 quae
855 3231 910 3312 est
931 3225 1149 3335 spiritualis,
1171 3229 1207 3330 se
1226 3255 1293 3310 non
1303 3223 1453 3338 subjice-

354 3357 442 3443 rent,
468 3357 655 3446 quarentes
669 3334 833 3445 stabilire
843 3339 949 3446 stram
968 3337 1174 3447 quandam,
1201 3337 1279 3422 hoc
1290 3337 1358 3440 est,
1380 3337 1451 3418 hu·

308 3481 310 3487 ·
354 3473 505 3532 manam
522 3443 712 3557 justitiam.
766 3455 888 3532 Erant
915 3460 951 3534 δι
979 3445 1048 3530 alii
1069 3473 1217 3530 errorea
1245 3441 1454 3530 Pharisaeo-

353 3585 455 3661 rum,
470 3557 633 3666 utquod
647 3553 851 3639 hominum
865 3555 1160 3642 constitutiones
1170 3555 1455 3642 Divinis-man·

353 3668 453 3750 datis
476 3685 685 3776 aequarent,
712 3663 906 3748 interdum
938 3665 1163 3775 preferrent
1189 3665 1320 3770 ctiam,
1346 3665 1457 3776 quod

353 3772 451 3878 saepe
464 3805 513 3858 ne
532 3779 764 3863 exteriorem
780 3774 936 3884 quidem
954 3776 1062 3856 illam
1081 3775 1343 3860 innocentiam
1358 3801 1456 3885 prae-

343 3883 508 3984 starent,
535 3886 678 3970 intenti
689 3883 839 3992 frigidis
850 3882 1077 3994 quibusdam
1092 3884 1343 3988 ceremoniis,
1368 3884 1454 3993 qui·

355 3989 425 4074 bus
447 3992 563 4078 etiam
585 3995 719 4106 gravia
743 3993 887 4085 delicia
900 3991 1176 4116 expiaripoffi
1189 3993 1458 4192 confiderepetd
1505 4041 1506 4044 κ
