3034 4622
227 181 231 190 ·
332 135 418 257 48'
644 125 1004 231 Adnotatianes
1030 129 1103 230 ad

330 287 420 364 Hoc
445 305 539 364 vero
564 280 653 362 loco
672 279 775 364 haud
793 279 911 362 dubie
933 280 1163 392 significatur
1178 281 1302 364 omnis
1325 285 1436 366 rdine

330 419 410 499 quo
434 391 561 472 honos
582 389 736 470 habitus
760 391 1011 472 demonstrari
1038 387 1145 473 solet.
1200 393 1304 472 Sicut
1326 393 1434 474 enini

330 501 425 580 alibi
458 518 638 584 vetantur
672 499 827 580 Hebraei
860 500 1019 581 nomina
1048 497 1229 606 usurpare
1254 505 1434 582 Deorum

330 605 529 710 falsorum,
556 606 682 690 Exod.
700 638 760 706 23.
779 639 838 707 13·
866 609 920 689 ita
941 610 1044 689 enim
1063 609 1293 716 imaginibus
1310 609 1434 695 ullum

332 715 480 827 iignum
493 717 664 820 honoris,
690 745 923 827 quocunque
938 719 1092 801 tandem
1109 719 1240 799 animo
1254 718 1294 800 id
1310 717 1436 822 fieret,

247 904 252 910 .
313 847 316 852 ’
335 828 518 908 exhibere
531 823 803 933 prohibentur,
819 851 863 908 ut
875 846 987 908 notat
1003 821 1128 908 Moses
1142 827 1191 908 de
1204 828 1324 909 Cotzi
1337 853 1437 936 prae·

332 955 448 1045 cepto
471 958 626 1018 vetante
657 969 715 1038 19·
741 963 827 1046 qnae
852 963 985 1018 omnes
1006 937 1093 1017 sunt
1113 937 1325 1040 ritmorum}
1350 965 1436 1018 caa-

332 1047 442 1124 tiones
455 1068 590 1128 contra
603 1043 662 1124 rbi
674 1040 840 1138 miramini
856 1047 1004 1124 Deorum
1016 1043 1280 1126 multitudinem.
1325 1045 1434 1130 Idem

334 1177 464 1235 autem
491 1155 621 1236 valent
652 1153 712 1251 h'ae,
741 1155 957 1236 locutiones
975 1153 1121 1263 imagini
1139 1156 1174 1257 se
1189 1153 1340 1260 stertere,
1367 1175 1436 1238 aut

323 1259 461 1370 fleiirre
476 1265 520 1370 fir
547 1291 662 1343 caram
686 1261 848 1372 imagine.
898 1274 1033 1372 ltaque
1054 1263 1161 1374 quod
1185 1265 1329 1347 Matth.
1343 1293 1379 1365 4„
1399 1301 1436 1367 9.

335 1375 389 1454 est
415 1373 711 1482 apamiensium,
734 1373 1013 1475 adoraverim,
1041 1373 1080 1452 id
1095 1380 1219 1456 Lucas
1232 1371 1332 1456 dixit
1348 1404 1384 1474 4.
1398 1405 1435 1466 7.
1491 1375 1492 1380 ‘

336 1482 557 1591 ammanium
571 1479 699 1563 numu
711 1515 772 1586 pu,
794 1481 992 1564 adoraverri
1011 1509 1126 1562 coram
1141 1510 1204 1563 me.
1246 1481 1307 1564 sic
1328 1485 1437 1594 quod

333 1616 405 1698 per
430 1590 603 1672 dativum
631 1590 861 1698 exprimitur
879 1597 957 1705 Jer.
973 1621 1031 1674 22.
1049 1627 1084 1693 9.
1113 1591 1151 1676 id
1178 1617 1248 1698 per
1272 1584 1350 1681 ’idn
1382 1621 1437 1674 ra-

335 1725 416 1778 ram
429 1698 654 1780 enuntiatur
679 1709 871 1798 zPar.25.
892 1730 950 1799 14.
971 1712 1090 1808 &per
1115 1709 1186 1805 nv,
1211 1700 1318 1808 quod
1333 1700 1437 1785 idem

246 1901 248 1904 ¹
335 1807 559 1912 valet‚Lev.
575 1827 635 1891 26.
655 1842 688 1888 r.
714 1815 767 1892 Et
780 1809 887 1920 quod
905 1809 946 1892 in
959 1809 1095 1892 dativo
1107 1809 1160 1892 est
1180 1814 1438 1920 1Reg.1‚.1n

336 1927 372 2001 δι
390 1923 505 2002 Rom.
525 1949 582 2000 ιι.
598 1945 633 2016 4.
665 1917 705 2000 id
731 1921 873 2005 Latina
898 1918 1169 2028 interpretatio
1186 1919 1352 2030 explicat
1368 1947 1440 2029 per

336 2027 646 2136 praepofitionem
679 2055 807 2106 caram.

394 2143 590 2244 Caeterum
613 2135 688 2217 hoc
712 2153 907 2242 precepto
932 2135 981 2224 de
1003 2163 1083 2218 non
1114 2134 1309 2220 fleetendo
1334 2137 1440 2259 apud

337 2243 523 2353 imagines
539 2269 716 2351 corpore,
742 2270 828 2327 curn
843 2243 1043 2328 constituti
1059 2244 1104 2328 fit
1122 2243 1230 2352 juris,
1257 2245 1441 2354 alienige·

337 2381 405 2435 nas
423 2352 670 2462 quantumvis
688 2353 787 2460 pios,
813 2374 858 2434 ut
873 2353 1153 2458 Nahamanem‚
1182 2376 1323 2465 negant
1338 2355 1442 2436 obli·

338 2482 450 2570 gatos
470 2461 581 2544 fuiffe
601 2464 768 2545 Hebraei.
810 2467 948 2572 Neque
967 2491 1062 2546 vero
1083 2465 1305 2546 indistinete
1330 2461 1374 2544 se.
1388 2493 1442 2548 eo

337 2571 505 2680 obligari
535 2572 731 2655 credidere
767 2573 976 2658 Christiani
1008 2596 1167 2674 veteres,
1195 2571 1259 2655 sed
1286 2595 1442 2656 tantum

338 2701 526 2790 quatenus
547 2681 588 2764 in
606 2680 828 2765 testimonio
850 2682 973 2764 habiti
995 2682 1156 2766 honoris
1179 2682 1280 2792 apud
1304 2683 1444 2792 imagi-
1490 2775 1491 2790 Ν

338 2817 429 2874 nem
458 2791 583 2874 inerat
607 2789 689 2873 falfi
713 2791 880 2874 numinis
899 2793 1111 2895 veneratio,
1137 2819 1223 2904 quae
1248 2817 1317 2900 per
1340 2790 1378 2873 se
1404 2804 1444 2878 &

338 2901 450 2982 omni
476 2899 595 2984 modo
610 2901 708 2982 mala
725 2903 799 2983 est:
827 2901 932 3012 quod
949 2902 1118 3012 intelligi
1141 2904 1266 3010 potest
1286 2929 1334 2984 ex
1349 2902 1446 2984 loco

333 3010 427 3118 Jobi
452 3008 573 3097 modo
597 3009 707 3093 nobis
730 3009 915 3114 indicato,
940 3039 988 3092 ex
1008 3013 1097 3093 loco
1122 3011 1213 3092 Αᾶ.
1232 3039 1324 3090 10.2
1330 3035 1362 3103 5.
1390 3033 1447 3094 ex

339 3121 384 3202 ei
399 3117 559 3202 historid
573 3147 687 3229 quarn
707 3121 756 3204 de
771 3122 1028 3203 Nazianzeno
1041 3118 1160 3201 modo
1177 3115 1446 3224 prompsimus.
1465 3215 1471 3226 Ι

339 3236 386 3311 ln
407 3229 673 3337 precationum
692 3257 787 3311 vero
804 3227 896 3312 locis
912 3255 960 3308 an
977 3229 1125 3310 redium
1140 3225 1232 3308 effer
1249 3223 1290 3307 in
1314 3224 1446 3310 hono·

274 3365 276 3380 ·
339 3352 420 3420 rem
435 3359 502 3420 aut
516 3337 659 3422 Christi
677 3361 745 3420 aut
762 3339 992 3422 sannorum
1006 3361 1135 3418 coram
1153 3359 1287 3416 eorum
1304 3333 1445 3444 imagi·

340 3449 452 3532 nibus
464 3447 619 3536 fle&ere
633 3447 918 3558 corpora‚qu0d
930 3443 1269 3557 pamivapmidnav,
1282 3442 1308 3524 i.
1309 3444 1447 3554 figarum

339 3559 521 3640 amarti&
547 3559 746 3638 reverantia
768 3585 850 3666 erga
873 3559 969 3637 viras
987 3553 1222 3667 saudimam'd
1243 3556 1448 3657 eminentes,

341 3667 469 3750 Graeci
489 3689 645 3768 vocant,
672 3665 906 3772 disputatum
936 3665 1017 3770 diu,
1044 3691 1114 3747 nec
1135 3661 1213 3745 fine
1242 3661 1448 3746 seditioni·

340 3775 412 3858 bns¹
434 3777 475 3858 in
496 3779 673 3860 Oriente.
717 3775 937 3857 Germaniae
955 3787 990 3859 δι
1012 3773 1150 3858 Galliae
1169 3772 1238 3855 din
1252 3769 1376 3855 visum
1402 3770 1446 3854 id
1488 3797 1489 3846 i

340 3884 456 3986 malo,
483 3911 550 3968 aut
567 3885 658 3969 mali
675 3883 798 3993 specie
824 3911 903 3967 non
918 3909 1059 3988 carere,
1081 3905 1125 3965 ut
1147 3907 1195 3966 ex
1211 3877 1448 3965 Francofur·

341 3993 449 4100 tensi,
483 4007 520 4082 &t
544 3991 733 4092 Parisrensr
761 3993 941 4103 Synodis,
968 4021 1054 4105 quae
1079 3993 1214 4084 Caroli
1239 3989 1449 4100 magnixli·
1488 4017 1489 4022 ‘

361 4161 366 4169 .
563 4135 594 4202 5·
936 4169 939 4178 .
1184 4102 1446 4210 berommque
