3030 4618
329 158 427 282 148
579 201 581 206 ·
672 145 1033 252 Adnotationet
1050 146 1125 248 ad

327 314 415 391 Imo
431 303 625 415 &judicia
641 305 820 412 capitalia
841 306 890 386 ab
913 303 989 386 boc
1001 309 1144 388 Senatu
1160 299 1445 388 exercitacon·

325 415 425 498 cesso
442 423 596 525 Regum
625 414 818 496 Persarum
845 411 1006 496 tradunt
1030 411 1200 494 Hebtaei.
1258 416 1444 502 Domum

327 547 456 608 autern
475 523 848 715 reverstsgudiciaria
862 523 1027 632 potestas
1040 520 1209 604 concessa
1224 521 1384 606 estaRe
1415 550 1441 604 e

326 642 553 738 Artaxerxe,
580 631 636 716 Es
660 661 708 713 t‘ae
730 666 765 729 7.
784 661 845 735 25,
862 652 919 714 26.
962 633 1096 714 Postea
1122 629 1235 714 armis
1257 629 1355 716 adue
1395 659 1442 716 ue

328 744 567 828 Antiochum
595 743 747 839 reddita
771 742 963 843 libertate,
989 737 1135 823 summa
1159 767 1289 822 rerum
1318 767 1440 851 penes
1496 813 1498 828 ,

237 879 241 886 ¹
327 854 432 938 bunc
458 860 637 936 Senatum
668 850 758 957 snit,
785 851 888 934 unde
918 849 1167 960 &sceptrum
1195 847 1366 1038 Regium
1392 850 1437 934 in

327 964 433 1044 curib
449 963 716 1047 asservabatur.
773 971 868 1058 Erat
887 980 1015 1043 autem
1039 958 1145 1042 curia
1160 959 1201 1041 in
1218 959 1259 1067 ip
1275 989 1303 1042 o
1315 959 1434 1042 Tem-

262 1101 265 1112 ¹
327 1074 397 1180 pso
411 1072 721 1182 parteAustrind,
739 1072 1025 1180 vocabaturque
1039 1091 1168 1158 num
1193 1052 1335 1156 ffivb
1356 1099 1434 1150 con-

240 1208 242 1212 ·
327 1183 424 1262 clave
440 1181 547 1276 exeis
560 1179 697 1292 lapidei.
753 1179 895 1264 Mansit
921 1179 952 1262 is
977 1177 1078 1262 ordo
1091 1182 1281 1282 continua
1305 1177 1435 1263 surro·
1496 1237 1498 1262 2

327 1291 501 1400 gatione,
528 1319 597 1400 per
610 1317 809 1394 manuum,
824 1312 868 1372 ut
881 1288 1062 1393 diximus,
1075 1287 1375 1398 impositionem,
1386 1287 1434 1372 ad

328 1401 527 1501 Herodem
560 1397 677 1508 usque
706 1405 908 1508 Magnum,
933 1398 1040 1507 cujus
1071 1397 1288 1508 potentiam
1319 1420 1434 1509 atque

317 1509 526 1594 audaciam
542 1507 661 1616 magis
682 1509 878 1618 magisque
893 1529 1032 1590 contra
1045 1507 1148 1618 leges
1162 1505 1436 1618 insurgentem,

328 1645 418 1716 cum
440 1647 520 1702 non
548 1617 790 1726 intempore
816 1615 968 1720 severis,
994 1637 1040 1698 ut
1065 1647 1091 1698 o
1120 1617 1257 1722 ortuit,
1278 1616 1434 1727 judiciis

327 1727 809 1836 repressissent-Senatores,
836 1731 924 1810 Deo
941 1726 994 1810 ita
1008 1753 1066 1810 res
1080 1647 1324 1838 dsponente
1348 1755 1433 1850 gra·¹

329 1863 396 1932 ves
419 1837 589 1947 neglersti
620 1839 789 1920 muneris
822 1863 960 1944 poenas
986 1835 1139 1940 dedere,
1166 1833 1366 1928 intersedit
1387 1837 1435 1928 ab

305 1947 490 2042 ⁴Herode
516 1973 670 2050 omnes,
699 1969 809 2030 extra
839 1975 959 2028 unum
985 1953 1174 2050 Sauream,
1195 1973 1311 2056 quem
1341 1947 1433 2030 talia

330 2077 552 2162 monentem
570 2057 666 2164 saepe
685 2053 978 2139 contemserant.
1019 2064 1065 2138 In
1090 2077 1356 2164 peremtorum
1378 2057 1434 2139 ta

207 2191 213 2222 s
330 2191 417 2246 cum
432 2165 609 2249 Herodes
631 2165 726 2247 alios
749 2161 979 2270 surrogavit,
1005 2161 1109 2248 suam
1127 2163 1230 2255 haud
1246 2163 1435 2248 dubiefa·

330 2274 519 2379 ctionem,
544 2275 662 2356 exiis
688 2273 770 2385 qui.
788 2273 977 2356 beneficio
1004 2273 1116 2380 ipsius
1141 2273 1190 2359 ad
1217 2273 1437 2359 Sacerdotia

332 2404 399 2496 aut⁸
415 2383 583 2467 bonores
598 2383 696 2466 alios
709 2404 976 2494 pervenerant.
1016 2381 1147 2470 Sed&
1171 2403 1259 2466 ante
1274 2411 1437 2576 nonpa-

331 2518 417 2574 rnm
441 2491 646 2576 imminuta
669 2515 750 2578 erat
765 2493 922 2576 Senatus
938 2489 1284 2598 Hierosolymitani
1299 2521 1349 2575 an

332 2601 436 2704 ritas,
462 2629 549 2684 cum
570 2603 654 2714 post
670 2603 847 2714 Pompeii
871 2603 1078 2685 vidioriam
1104 2601 1294 2686 Gabinius
1318 2601 1437 2706 Syria

331 2708 468 2796 Praeses
486 2713 584 2796 alios
599 2735 767 2822 quatuor
785 2709 971 2798 consessus
984 2710 1159 2797 erexisset
1177 2709 1359 2818 Gadaris,
1385 2717 1438 2795 A·
1497 2811 1498 2814 w

332 2821 550 2926 mathuute,
574 2821 844 2928 Hierichunte,
864 2821 1058 2928 sephoris,
1084 2817 1147 2904 sed
1162 2823 1341 2928 nonpati
1353 2821 1438 2932 jure

332 2957 421 3034 cum
437 2929 806 3032 Hierosolymitano.
848 2935 951 3014 Nam
968 2931 1144 3016 Herodes
1159 2931 1334 3015 nondum
1349 2935 1439 3033 Rea
1497 2925 1498 2946 ¹

332 3041 382 3126 de
399 3043 512 3126 rebus
528 3043 569 3122 in
586 3041 749 3126 Galilaea
775 3041 886 3152 gestis
911 3037 1057 3122 causam
1071 3039 1180 3123 -dixit
1203 3038 1305 3149 apud
1322 3047 1439 3134 Sena·

332 3167 415 3248 tum
431 3149 848 3254 Hierosolymitanum,
884 3156 1058 3232 Fuerunt
1070 3176 1163 3258 ergo
1178 3147 1366 3232 consessus
1377 3149 1438 3232 illi

331 3258 509 3362 curandae
530 3261 651 3368 magis
670 3257 912 3368 Reipublicae
932 3287 1046 3367 quam
1069 3259 1302 3366 judiciorum
1328 3260 1439 3344 causa

331 3366 512 3471 instituti,
540 3377 605 3450 ant
630 3367 658 3453 fi
679 3380 714 3458 Sc
734 3367 971 3478 judiciorum
991 3371 1114 3472 causa,
1140 3363 1439 3452 subSenatuta·

332 3505 422 3560 men
448 3477 821 3582 Hierosolymitano.
884 3477 992 3586 Qin
1011 3490 1047 3564 u
1073 3501 1183 3564 extra
1201 3479 1439 3580 Palaestinam

354 3589 451 3686 adai
465 3589 512 3672 ad
532 3586 750 3696 exemplum
768 3587 879 3698 hujus
903 3587 1081 3690 Synedrii
1095 3593 1252 3670 Senatus
1267 3587 1355 3672 suos
1370 3577 1440 3676 ba·

332 3699 488 3796 bebant.
544 3706 604 3780 lta
623 3697 764 3808 repausare
780 3697 928 3780 Senatds
946 3697 1171 3810 Judaeorum
1190 3698 1440 3784 Alexandriae

333 3797 593 3900 habitantium
618 3808 768 3891 mentio
789 3807 842 3888 est
866 3808 969 3914 apud
990 3803 1207 3888 Philonem.
1262 3805 1350 3916 Ipse
1367 3815 1440 3922 Jo-

331 3912 470 4040 sephus
492 3915 604 4001 simili
624 3925 849 4002 Senatorum
865 3941 1027 3996 numero
1051 3914 1193 4030 reperiar
1214 3916 1256 4002 in
1272 3917 1443 4002 Galilaed'
1497 3985 1498 4020 ;

331 4023 544 4150 tetstatur
569 4055 656 4142 rum
674 4021 1117 4146 hunimundum
1139 4025 1242 4152 rsus
1296 4031 1355 4112 At
1375 4035 1438 4136 St:
1496 4029 1498 4048 ²

536 4144 541 4157 ’
666 4188 668 4196 ·
915 4151 920 4164 ’
1167 4165 1171 4172 “
1294 4157 1437 4248 bimi
