2974 4624
5 1053 7 1138 l

5 1151 8 1216 l

109 268 114 276 .
222 112 498 280 Sermonem
518 121 728 269 Domini.
766 157 920 268 Matt.
936 201 985 297 5.
1069 197 1170 296 225

5 359 10 446 ι
70 304 486 431 suospatronos,&res
501 317 682 404 omnibus
697 317 846 429 legibus
864 320 1174 434 uetando-etiam

5 473 9 554 Ι
69 431 446 544 legibusordinatur.
475 437 537 512 Eo
553 449 711 516 ventum
735 427 789 510 est
803 452 847 512 ut
867 431 969 514 inter
987 433 1173 518 Christia-
1248 489 1252 498 -

5 584 9 664 μ
70 569 152 646 nos,
178 540 301 624 crucis
317 538 557 640 candidatos,
582 539 761 648 quotidie
783 543 907 648 palam
924 541 1078 652 publice
1104 541 1173 628 fiat

5 693 9 776 p
69 651 177 762 quod
193 649 442 761 profanarum
469 648 644 758 gentium
659 651 766 762 „leges
793 647 924 738 severe
953 649 1175 761 puniiffent.
1245 677 1250 684 ·

5 807 17 866 l·
70 760 185 844 Adeo
198 761 279 870 pati
296 759 474 871 injuriam
497 757 660 864 dedecus
676 781 857 870 putatum
884 761 1175 848 laushominem

5 867 9 998 j
69 869 258 955 occidere.
277 877 483 992 ‘Ego-vero
506 895 633 978 neque
652 868 752 952 illud
767 864 875 981 quod
899 869 1091 954 honorem
1105 901 1176 957 vo·
1280 911 1282 917 ·

69 1001 184 1084 cant,
218 1007 391 1090 quinon
420 981 473 1080 est
511 979 642 1062 honor
665 977 732 1062 sod
753 1007 939 1084 vanorum
969 981 1177 1066 hominum

48 1081 186 1174 'stulta
213 1085 425 1212 persuasrot
454 1115 580 1196 neque
602 1085 845 1196 pollesstones
861 1089 958 1174 ullas¹
987 1119 1074 1174 cum
1096 1091 1178 1174 vitl

69 1197 552 1302 hominisettam'vilillimi
577 1199 853 1307 comparandas
875 1224 987 1309 puto.
1024 1207 1078 1283 Et
1092 1214 1181 1310 quk
1284 1291 1288 1296 ,

5 1385 6 1398 Ν
70 1295 379 1392 tandem'caritas
402 1306 489 1406 finit
519 1335 590 1390 nos
612 1307 699 1392 istas
728 1311 872 1392 reculas
897 1314 1042 1393 nostras
1057 1311 1180 1420 pluris

5 1499 6 1510 Ν
67 1417 210 1524 facere,
231 1445 347 1530 quam
363 1417 471 1527 quod
487 1416 551 1500 hic
567 1417 672 1502 orbis
690 1415 950 1530 dignillimnm
966 1421 1097 1522 habet,
1122 1419 1182 1502 vi·

5 1535 6 1544 '
69 1551 151 1612 tam
169 1529 392 1630 humanam,
417 1529 480 1610 cui
496 1555 555 1612 res
573 1527 741 1612 conditae
765 1557 899 1612 omnes
916 1530 1182 1613 famulantur?

69 1647 128 1720 At
148 1643 272 1746 Leges
294 1637 542 1746 permittunt.
582 1643 669 1718 lmo
695 1636 836 1720 horum
859 1641 1039 1748 pleraque
1053 1643 1182 1750 Leges

67 1747 320 1856 improbant:
360 1743 423 1843 sed
443 1744 532 1830 sunt
560 1745 629 1828 ista
655 1745 1025 1856 Jurisconsulmrum
1052 1745 1182 1832 seculo

67 1853 145 1939 suo
178 1855 459 1938 blandientium
492 1877 723 1949 commenta.
777 1863 918 1966 Longe
945 1860 1056 1940 aliter
1083 1855 1183 1938 olim
1269 1886 1288 1942 a·

66 1965 286 2071 Ulpianus,
312 1969 435 2064 Furem
458 1965 655 2047 nullarum
662 1963 783 2074 fiquti
800 1963 1184 2071 occiderit‚itademum

68 2073 212 2188 impune
233 2075 331 2180 feret
347 2075 382 2186 fi
395 2093 543 2186 parcere
571 2076 604 2158 et'
622 2073 695 2182 fine
712 2077 865 2186 periculo
878 2075 944 2186 suu
969 2105 1036 2156 nou
1055 2078 1184 2186 potnit.

68 2183 186 2294 Qid
215 2183 243 2266 fi
271 2209 402 2271 tamen
428 2184 726 2293 permitterent?
767 2191 863 2269 Non
892 2189 1075 2298 probant,
1101 2214 1193 2270 non

67 2293 238 2399 laudant
251 2331 271 2394 ς,
291 2317 444 2378 tantum
461 2295 637 2402 praestant
660 2293 945 2402 impunitatem.
986 2299 1103 2380 Estne
1116 2323 1183 2376 au·

68 2427 153 2488 tem
180 2403 250 2514 qui
261 2405 483 2490 Christiano
498 2405 689 2488 existimet
712 2395 898 2510 sufficere,
919 2405 944 2488 fi
962 2432 1102 2514 poenas
1131 2408 1186 2486 le-

66 2541 168 2626 gum
194 2511 368 2624 effugiat,
396 2511 593 2598 inscelere
613 2535 861 2620 tantumnon
883 2539 999 2598 etum
1024 2517 1064 2598 in
1088 2517 1186 2598 vitia
1319 2538 1322 2545 ’

67 2623 328 2710 constitutas?
356 2625 427 2716 Sed
445 2623 541 2706 illud
571 2625 688 2706 etiam
706 2623 903 2709 videamus
926 2649 1115 2736 quantum
1140 2627 1187 2706 li·

67 2757 164 2818 ceat
193 2733 348 2819 homini
378 2761 454 2842 pto
476 2733 557 2818 vita
584 2733 734 2844 tuendi¹
758 2729 895 2819 facere.

127 2849 235 2928 Sunt
262 2857 298 2930 ἃ
321 2842 385 2926 hic
401 2841 671 2954 Jurisconlulti
696 2841 765 2954 qui
797 2843 1042 2954 existiment,
1067 2842 1187 2926 etiam

68 2953 332 3054 innocentem
392 2951 434 3037 ui
460 2951 687 3058 dirimendae
711 2953 805 3035 rixae
829 2952 866 3036 se
885 2953 1103 3060 interponit
1130 2953 1190 3040 in·

68 3061 208 3168 terlici
229 3063 335 3172 polle
360 2979 390 3144 li
412 3061 487 3144 alia
503 3061 606 3146 ratio
626 3061 737 3148 nulla
755 3059 801 3144 fit
818 3059 1068 3172 expedienda
1091 3061 1203 3149 salu-‚¹

64 3173 144 3264 tit';
192 3172 302 3282 quod
329 3170 487 3256 confido
515 3171 644 3280 paucis
662 3171 916 3280 placiturum:
953 3185 990 3260 δι
1019 3200 1069 3256 ne
1093 3175 1191 3257 illud

63 3283 240 3398 quidem
259 3282 398 3392 recipit
421 3279 793 3392 religiosusanimus
816 3281 923 3394 quod
947 3291 969 3365 t
991 3285 1192 3366 nonnullis

33 3475 35 3480 .
65 3395 128 3494 est
143 3389 372 3516 proditum,
398 3389 568 3480 nonelle
586 3387 884 3500 exspectandum
910 3391 1003 3474 dum
1029 3391 1193 3505 presens

68 3505 290 3588 immineat
318 3501 557 3611 periculum,
595 3499 658 3586 sed
682 3497 899 3584 tollendum
937 3501 979 3582 in
1015 3522 1193 3609 tempore

68 3613 146 3726 qui
184 3611 367 3698 credatur
405 3608 616 3706 nociturus.
671 3613 767 3694 Non
802 3613 907 3694 enim
937 3605 1109 3715 eousque
1143 3611 1194 3692 ti-

72 3723 187 3809 mori
219 3721 500 3832 indulgendum
523 3723 589 3804 est.
632 3719 796 3804 Remus
822 3724 989 3822 Cicero,
1022 3721 1109 3832 Qri
1134 3719 1194 3803 hot

61 3827 214 3941 statuit
238 3859 416 3943 unquam,
453 3850 518 3912 aut
541 3829 597 3914 cui
629 3827 765 3914 urredi
786 3831 861 3940 stne
878 3827 1014 3936 stimmo
1046 3833 1196 3912 omnium

62 3941 236 4056 periculo
253 3937 378 4053 potest,
404 3959 443 4023 ut
465 3971 540 4042 eum
559 3938 639 4052 jure
659 3946 814 4050 potuerit
836 3939 1025 4020 occideret
1047 3971 1111 4049 quo
1126 3969 1197 4020 me·

67 4053 183 4163 &iffa
195 4051 245 4162 se
269 4048 369 4136 duat
395 4079 438 4134 ne
462 4050 530 4162 ipse
556 4047 925 4243 pesleriuslpcfcidaret.
980 4051 1136 4240 Estqued
1155 4051 1197 4130 in

1038 4187 1109 4240 eun
1139 4185 1201 4240 em

577 4375 613 4535 l
