2974 4624
153 267 158 274 a*
304 167 313 257 ἒ
343 175 443 301 184
595 179 599 187 ’
657 155 1045 272 Μιίηοίαίὶὸκεε
1060 165 1133 269 nd
1191 203 1198 243 1
1244 193 1247 200 “

212 351 214 356 ·
284 403 294 416 ,
332 319 391 406 'est
404 322 450 410 id
472 319 608 406 licere:
635 321 742 430 quod
767 341 867 406 nunc
886 341 1051 436 quoque
1066 321 1193 406 Graeci
1215 307 1442 408 obseruatis.-

298 464 300 468 ·
336 429 968 536 VideChrysostomumOratione
984 433 1178 517 alteriue
1192 431 1256 514 his·
1295 432 1442 515 uicum

327 542 478 653 Judaeii¹
490 542 722 648 jejunabant,
749 541 847 626 ¹circa
867 543 996 626 linem.
1050 543 1178 626 Etiam
1206 461 1441 626 Lair-antius

220 709 222 714 ,
333 650 448 757 dixit,
475 647 667 730 adulterum
687 653 749 754 effe
762 651 823 762 qui
845 655 868 726 ὰ
888 655 1016 742 marito
1036 651 1210 757 dimiffam
1224 649 1386 753 duxerit,
1407 659 1440 732 &

331 785 409 842 eum
424 759 486 870 qui
499 777 625 868 preter
643 758 772 840 crimen
791 760 957 842 adulterii
976 785 1114 842 uxorem
1134 756 1308 863 dimiserit
1329 779 1372 838 ut
1386 761 1439 839 nl·

138 938 143 945 .
253 947 255 952 ,
331 887 447 951 teram
462 867 580 952 ducae-
617 869 717 956 Vide
733 869 1224 982 notasdoetisfinasJacabl
1237 868 1438 975 Sitmondi

106 1072 109 1081 f
334 975 386 1060 ad
406 980 517 1064 Aviti
538 973 750 1085 Epistulam
770 1009 831 1080 49.
949 1079 951 1086 Ι
1101 1058 1103 1062 ,

210 1107 212 1112 ’
388 1092 470 1169 nasei
488 1085 590 1167 adali
607 1092 772 1198 μοιχᾶοζ·
791 1087 890 1194 facit
911 1089 987 1168 edm
1007 1087 1220 1193 mechariz]
1258 1090 1350 1168 Lex
1369 1111 1435 1194 per

332 1194 486 1284 Molem
516 1195 606 1280 data
631 1198 784 1278 feminae
810 1199 966 1282 dimiffae
1002 1194 1218 1282 libertatem
1253 1195 1433 1280 concedit
1465 1280 1468 1286 ,

332 1307 526 1417 migrandi
548 1305 597 1388 ad
609 1308 746 1389 alteras
758 1309 930 1416 nuptias;
959 1307 1119 1416 sed'post
1139 1335 1201 1389 eas
1215 1310 1434 1388 contradas

203 1500 205 1503 ,
333 1439 440 1503 vetat
465 1443 547 1497 eam
575 1415 622 1496 ad
647 1418 816 1520 priorem
847 1422 1025 1500 maritum
1055 1416 1267 1517 reditque
1289 1414 1433 1496 scilicet

330 1525 455 1634 specie
466 1525 627 1606 divortii
641 1525 800 1606 aliialiis
812 1555 948 1609 uxores
962 1526 1097 1609 darent
1114 1523 1312 1624 usurarias,
1324 1523 1433 1632 quod

332 1635 491 1742 profani
503 1633 620 1716 etiam
638 1635 840 1741 scriptores
857 1638 895 1715 in
912 1633 1263 1719 Lacedaemoniis&
1279 1635 1433 1732 Catone

330 1743 632 1852 reprehendunt.
687 1753 739 1828 Et
763 1744 911 1828 libellus
941 1744 1043 1853 ipse,
1069 1769 1113 1826 ut
1135 1743 1317 1845 diximus,
1344 1769 1431 1825 con··

329 1855 433 1936 tinet
448 1855 655 1961 expressam
681 1856 762 1963 ejus
781 1855 969 1936 libertatis
989 1856 1236 1936 mentionem.
1292 1857 1429 1961 Neque

330 1963 397 2047 hic
423 1961 545 2072 potest
573 1962 665 2064 dici,
690 1963 797 2070 quod
821 1964 940 2045 modo
963 1964 1011 2044 de
1039 1963 1178 2044 marito
1200 1963 1432 2063 dicebamus5

331 2074 506 2182 permitti
529 2071 685 2180 quidem
706 2071 774 2180 ipsa
800 2073 1013 2182 arbitrium,
1040 2071 1101 2153 sed
1124 2099 1205 2179 quo
1227 2069 1431 2152 debeatex

236 2275 239 2282 ¹
330 2188 492 2268 bono&
510 2181 708 2290 aequouti.
747 2185 848 2262 Nam
865 2183 1004 2264 marito
1019 2183 1180 2262 liberum
1191 2182 1249 2263 ¹est
1268 2207 1432 2263 uxorem

329 2291 521 2381 retinere3
559 2289 672 2370 uxori
693 2309 819 2370 autem
845 2319 923 2372 non
945 2290 1090 2398 semper
1115 2291 1277 2370 liberum
1298 2293 1352 2372 ell:
1378 2291 1429 2372 ad

226 2407 228 2412 ’
328 2400 510 2482 maritum
538 2397 692 2482 reverti.
747 2403 886 2507 Neque
918 2421 1070 2508 poterat
1097 2400 1254 2480 maritus
1279 2397 1432 2504 judicio

274 2545 277 2549 ⁴
328 2511 418 2620 cogi
440 2533 485 2592 ut
512 2509 699 2590 dimissam
737 2509 935 2618 reciperet.
990 2510 1075 2593 Nec
1109 2509 1286 2616 cuiquam
1311 2509 1432 2590 inter·

328 2617 477 2702 ditium
495 2643 579 2700 erat
600 2617 837 2724 repudiatam
867 2618 1004 2700 ducere
1027 2635 1281 2725 praeterquam
1304 2625 1433 2702 Sacer-

255 2785 261 2797 ·
327 2729 429 2834 doti,
450 2730 556 2840 cujus
572 2755 683 2832 uxor,
711 2750 754 2808 ut
772 2727 837 2808 ille
854 2727 1027 2828 dicebat,'
1043 2755 1121 2808 non
1137 2726 1251 2834 culpi
1276 2731 1431 2809 tantum

326 2837 393 2923 sed
410 2839 582 2947 &culpae
599 2835 810 2945 suspicione
826 2863 958 2918 vacare
971 2837 1146 2937 debebat,
1173 2837 1303 2919 Levit.
1318 2869 1384 2920 21.
1400 2871 1434 2931 7.

268 2947 274 2970 ⁶
326 2949 471 3032 Ezech.
485 2979 544 3048 44·
564 2979 623 3029 22.
653 2947 811 3028 Ceteris
826 2973 920 3056 ergo
936 2946 1010 3027 rite
1026 2947 1204 3028 nubebat.
1242 2951 1299 3027 At
1316 2948 1435 3030 Chri·

325 3058 420 3157 stus‚³
439 3059 558 3166 'quod
584 3057 739 3164 majoris
759 3057 857 3139 uitali
879 3056 1034 3137 vuitandi
1065 3053 1175 3136 causei
1197 3057 1282 3136 Iex
1308 3057 1435 3140 Mofis·

324 3164 593 3268 diffimulabat‚
619 3194 666 3246 ex
685 3165 854 3248 naturali
874 3164 1056 3272 aequitate
1073 3163 1264 3272 prohibet
1288 3161 1358 3247 sua
1376 3167 1434 3248 in-

324 3267 457 3358 stitutai
477 3271 721 3364 scitantibus.
774 3273 990 3377 Qomodo
1013 3291 1139 3370 autem
1163 3275 1230 3380 qui
1261 3273 1435 3360 dimittit

323 3411 488 3468 uxorem
503 3385 714 3466 adulteram
731 3409 814 3462 eam
829 3383 968 3464 efficiat
981 3381 1187 3464 videamus.
1227 3383 1433 3466 Nimirum

322 3491 409 3576 fieri
435 3491 793 3605 poteratfiebatque
805 3489 903 3601 saepe
923 3491 1025 3598 apud
1034 3488 1189 3602 Judaeos
1217 3495 1337 3600 (quos
1348 3511 1433 3604 prn-

313 3598 417 3708 jeiiae
442 3601 601 3684 libidinis
624 3604 783 3684 Tacitus
806 3601 945 3704 notat)
973 3623 1018 3683 ut
1048 3599 1185 3680 mulier
1210 3600 1437 3708 ignominia

319 3708 486 3795 divortii
512 3711 659 3814 notatal,
685 3723 719 3794 bt
747 3731 790 3790 ut
818 3709 945 3792 Moses
971 3710 1145 3816 loquitur
1162 3709 1294 3818 polluta
1314 3716 1439 3796 mari-

319 3831 408 3899 tum
431 3821 594 3904 alterum
611 3850 690 3902 non
708 3817 913 3922 inveniret,
939 3838 1054 3925 atque
1078 3819 1133 3898 ita
1157 3817 1311 3926 dejesta
1329 3827 1353 3904 ὲ
1371 3823 1442 3934 spe

318 3927 546 4032 nuptiarum
559 3931 713 4012 taudem
729 3927 776 4008 ad
790 3953 907 4034 vagos
921 3926 1147 4011 concubitus
1160 3927 1420 4017 delaberetur
1429 3973 1440 4026 ;

315 4055 412 4117 uam
433 4062 500 4119 eos
523 4043 679 4148 quoque
700 4035 842 4146 μοιχείας
853 4033 997 4119 merlin
1013 4065 1109 4126 voce
1126 4035 1289 4122 indicari
1307 4043 1445 4128 solere

431 4172 458 4245 4
1169 4223 1181 4263 e
1352 4157 1441 4265 jam
