2974 4624
190 211 196 222 .
334 166 434 258 250
561 169 565 180 ·
644 125 1003 232 Adnotationes
1025 127 1102 230 ad
1214 213 1219 233 ,

331 279 537 392 bedum'effie
558 279 761 394 acquirendi
786 278 920 364 modum
942 283 1148 384 naturalem,
1175 291 1211 366 dt
1241 304 1331 362 cum
1357 288 1436 366 Eu-

258 397 262 428 '
333 399 473 508 ripide‚
494 399 651 476 Graecos'
661 396 700 474 in
716 392 757 474 id
771 413 882 474 natos
896 411 939 474 ut
952 391 1125 474 Barbarie
1141 390 1350 497 imperent,
1362 393 1440 500 qua

334 507 377 590 in
403 533 445 588 re
470 504 638 587 creditur
654 502 835 608 Philippo
854 513 890 586 ot
908 499 1130 584 Alexandro
1152 499 1300 580 bellum
1325 499 1440 584 inA-

336 613 424 700 fiam
439 614 686 696 molientibus
702 613 803 692 ultra
816 623 967 720 aequum
994 609 1240 718 gratificatus.

391 729 530 832 Neque
549 719 674 836 Judaei
695 720 768 802 soli
788 719 881 802 tales
897 715 1006 800 fuere
1030 718 1072 800 in
1098 741 1293 819 externos,
1319 712 1440 804 sed&

336 835 481 938 Graeci,
511 854 557 912 ut
578 828 826 932 Thucydides
840 855 888 909 ex
904 835 1079 912 Homero
1092 827 1243 936 probat.
1271 827 1389 934 Qin
1403 840 1439 912 ἃ

335 945 377 1025 in
399 949 666 1026 Romanorum
689 945 779 1058 Jure
794 937 1086 1022 inhumanitatis
1102 937 1206 1023 istius
1215 957 1357 1020 extant
1378 964 1437 1020 ve·

336 1053 467 1160 stigia:
491 1048 697 1132 censebant
717 1055 820 1130 enim
845 1043 951 1128 suum
976 1045 1059 1130 fieri
1080 1045 1186 1158 quod
1211 1043 1259 1131 ad
1291 1041 1331 1126 se
1385 1072 1435 1124 er·

337 1159 498 1244 venisset
520 1183 567 1240 ex
581 1155 826 1266 populonon
841 1153 1029 1260 federato,
1056 1184 1124 1238 nec
1146 1153 1316 1264 quodvis
1351 1151 1435 1238 edus

336 1265 513 1354 adversus
537 1267 613 1350 hoc
631 1270 688 1373 jus
702 1265 897 1374 proderat,
927 1261 990 1346 sed
1009 1264 1049 1346 id
1073 1264 1227 1348 demum
1241 1263 1285 1344 in
1297 1263 1435 1372 quode

336 1377 506 1494 amicitia
535 1375 680 1484 aliquid
709 1395 970 1456 convenerat:
1007 1375 1121 1484 plane
1148 1372 1252 1482 quast
1287 1379 1437 1458 Natura

337 1489 482 1570 nullam
508 1483 609 1566 inter
632 1479 808 1564 homines
828 1482 1035 1564 amicitiam
1059 1481 1324 1566 constituisset.
1366 1477 1439 1564 Sed

338 1595 405 1675 lux
418 1594 558 1676 artium
581 1603 617 1678 ot
637 1591 922 1700 disciplinarum
937 1599 1082 1704 Legem
1097 1597 1258 1676 Naturae
1273 1589 1438 1700 subpra-

338 1703 396 1792 vis
410 1704 580 1784 moribus
597 1701 782 1810 sepultam
803 1701 987 1810 paulatim
1014 1699 1261 1784 resuscitavit.

395 1821 539 1900 Verum
564 1812 611 1892 ad
627 1812 811 1894 Hebraeos
826 1809 1053 1919 posteriores
1075 1831 1119 1892 ur
1140 1811 1362 1913 redeamus,
1386 1839 1432 1894 re·

338 1943 490 2030 ceptam
512 1919 620 2004 fuisse
643 1919 743 2030 apud
762 1920 863 2027 ipsos
883 1921 1108 2004 sententiam
1127 1923 1232 2004 redte
1249 1919 1380 2004 occidi
1398 1949 1433 2004 ar

339 2031 498 2140 spoliari
524 2057 590 2112 eos
616 2031 684 2136 qui
708 2029 827 2112 Idolis
848 2028 1076 2131 serviebant,
1104 2027 1276 2136 ipsorum
1306 2029 1433 2140 scripta

340 2139 557 2224 ostendunt.
603 2135 724 2244 Atqui
749 2137 788 2218 in
811 2145 915 2246 Lege
928 2137 1044 2230 Mofis
1061 2145 1165 2222 Deus
1176 2162 1309 2222 certos
1322 2169 1433 2252 popu·

339 2249 400 2332 los
420 2245 648 2329 nominatim
671 2245 886 2353 puniendos
910 2246 1087 2358 delegans
1105 2246 1192 2330 satis
1209 2251 1388 2332 ostendit
1403 2251 1435 2332 iu

341 2355 437 2438 alios
456 2355 630 2462 quanrvis
644 2354 741 2438 falfis
753 2357 919 2438 cultibus
934 2357 1149 2466 implicatos
1165 2386 1248 2440 non
1268 2357 1378 2443 idem
1386 2362 1435 2471 ju·
1471 2401 1473 2422 π

342 2465 394 2548 ris
416 2463 502 2566 esse,
527 2463 737 2575 prasertim
762 2493 848 2546 curn
880 2467 1064 2574 temporis
1091 2469 1366 2550 maturitatem
1392 2467 1436 2550 sui

340 2573 511 2658 voluerit
535 2571 607 2654 effe
631 2573 791 2656 arbitrii.
834 2579 1064 2684 Quanquam
1088 2576 1191 2658 enirn
1222 2577 1346 2660 valde
1366 2603 1436 2675 cpt-

343 2683 448 2792 rupti
470 2702 580 2764 erant
604 2683 756 2764 istarum
782 2685 956 2794 gentium
985 2711 1110 2768 mores
1124 2687 1204 2794 jam
1232 2687 1437 2772 Abraham
1467 2743 1468 2748 Ν

343 2793 594 2902 temporibus
622 2814 750 2874 tamen
774 2791 946 2874 nondum
971 2821 1059 2876 eum
1080 2794 1349 2904 impleverant
1369 2825 1435 2882 mo

345 2901 452 3006 dum,
470 2927 583 3012 quem
594 2899 752 2984 Divinae
767 2901 918 2984 lenitati
930 2901 1051 2998 visum
1079 2923 1161 2986 erat
1186 2906 1384 3016 opperiri,
1402 2927 1434 3010 ut

344 3011 472 3094 Moses
489 3039 560 3093 nos
576 3009 690 3094 docet
709 3015 810 3107 Gen.
830 3042 886 3106 15.
906 3029 965 3094 16.
1003 3019 1089 3121 Jam
1108 3041 1204 3096 vero
1219 3037 1268 3096 ut
1289 3015 1343 3100 de
1364 3016 1432 3118 ido

346 3118 450 3200 maeis
473 3125 647 3223 taceam,
674 3123 876 3230 AEgyptios
899 3121 1046 3204 constat
1074 3142 1165 3204 ante
1189 3125 1433 3213 Hebraeona

347 3225 494 3309 exitum
518 3231 634 3310 Bovis
659 3227 923 3310 simulachrum
954 3229 1130 3316 coluisse:
1159 3259 1252 3330 nant
1278 3233 1432 3325 indetu-

347 3335 521 3446 emplum
547 3335 666 3417 foedae
689 3333 963 3442 superstitionis
992 3339 1038 3422 ad
1052 3343 1241 3424 Hebraeos
1257 3344 1438 3438 manavits

349 3449 488 3555 Neque
516 3466 644 3528 tamen
663 3445 852 3552 permittit
866 3453 948 3528 Lex
963 3449 1146 3532 Hebraeos
1169 3479 1317 3548 nocere
1334 3460 1436 3560 AEgy«

350 3554 453 3662 ptiis.
488 3553 560 3640 Sed
584 3567 619 3640 ὅ(
640 3555 840 3637 meliorum
856 3560 1072 3665 temporum
1088 3557 1331 3646 consuetudo
1350 3561 1437 3669 legit

350 3663 684 3778 interpresJudaeis
704 3661 933 3764 adversatur.
959 3667 1437 3779 Nunquamenimautpvs

351 3773 462 3882 pulos
480 3781 664 3858 Hebraeus
677 3795 744 3864 aut
766 3773 858 3856 boni
880 3776 1071 3884 Principes
1084 3779 1124 3860 in
1145 3781 1321 3888 populos
1335 3809 1431 3892 quau·

351 3881 493 3962 tumvis
519 3879 796 3990 superstitiosos
825 3885 968 3966 bellum
985 3910 1208 3990 moverunt,
1236 3889 1312 3974 nisi
1344 3889 1425 3981 novi

236 4105 238 4108 .
352 3989 465 4074 causis
492 3993 708 4098 provocuti.
763 3991 949 4100 Meudose
986 3993 1260 4108 igitumJudaei
1286 3997 1421 4110 quodie

678 4124 681 4128 ’
1287 4109 1423 4220 populos
