3034 4622
341 141 408 240 26
557 205 559 212 ·
651 131 1009 236 Adnotationes
1036 136 1132 236 ad-

339 313 421 366 non
435 284 585 366 conditi
602 283 761 366 humani
777 284 929 393 generis
950 283 1017 366 fiat
1038 283 1202 388 mentio,
1228 284 1292 370 sed
1306 313 1457 373 earum

338 421 467 475 rerum
488 423 576 505 quae
595 393 733 504 Jacobi
762 395 932 502 posteros
949 394 1107 502 proprie
1136 391 1379 503 spectabant,
1409 413 1456 486 δε

215 529 219 534 ·
335 504 493 611 quidem
517 507 683 586 maxime
707 505 943 608 recentium,
969 527 1131 612 quarum
1157 507 1346 588 memoria
1377 508 1454 590 fir-

337 616 436 694 tnius
456 628 492 698 ot
520 615 707 696 efficacius
735 614 873 696 animis
902 612 1076 696 inhaeret.
1118 613 1266 696 Confer
1288 615 1451 698 causam

335 721 532 804 servandae
542 724 672 832 Legis,
699 751 812 831 quam
826 746 1000 831 parentes
1025 722 1175 806 tradere
1188 724 1277 808 filiis
1299 726 1449 835 juben·

335 853 400 915 tut
416 837 532 914 Deut.
551 857 586 915 ό.
606 865 667 936 20,
678 845 746 915 &c

379 943 445 1024 Est
456 963 584 1024 autem
594 940 701 1052 quod
713 943 787 1024 hoc
799 940 1037 1025 locodicitur
1050 949 1223 1027 nonLex
1239 939 1303 1026 sed
1316 943 1446 1055 Legis

283 1045 288 1054 ’
335 1048 526 1156 praefatio.
566 1061 706 1134 Seneca
731 1079 811 1133 non
837 1053 977 1158 probat
992 1053 1116 1160 legem
1139 1081 1226 1136 curn
1252 1055 1444 1162 prologo,

364 1160 440 1242 uod
451 1160 641 1283 imperare
652 1189 696 1242 ea
710 1183 801 1242 nata
812 1159 856 1242 stt
872 1189 953 1242 non
967 1157 1144 1244 suadere:
1166 1183 1206 1244 at
1218 1163 1332 1244 aliter
1344 1189 1442 1244 cen·

333 1189 441 1350 litere
454 1269 695 1378 Philosophi,
709 1270 908 1374 Zaleucus,
918 1270 1155 1374 Charondae,
1166 1272 1293 1374 Plato,
1306 1271 1440 1357 Philo.

333 1379 467 1462 Media
492 1380 558 1460 via‘
568 1380 719 1489 optima
733 1381 799 1481 cst,
825 1400 871 1460 ut
887 1381 1004 1460 breve
1026 1377 1085 1482 sit,
1108 1380 1216 1490 quod
1231 1381 1441 1488 praemitti·

333 1511 409 1591 tur,
423 1489 693 1571 auctoritatem
708 1517 788 1570 non
805 1487 1104 1596 disputationem
1130 1488 1348 1599 praeferens.

386 1601 583 1680 Numerus
596 1599 771 1681 denarius
784 1599 963 1708 gentibus
976 1595 1097 1680 ferme
1123 1597 1274 1682 cunctis
1296 1627 1435 1694 nume·

331 1707 441 1788 randi
458 1707 625 1790 finisest:
640 1708 708 1818 qui
724 1707 826 1788 enim
843 1706 1434 1818 sequunturnumericompolita

330 1815 477 1898 habent
491 1819 662 1922 nomina,
682 1841 750 1900 aut
773 1814 884 1921 sono,
897 1840 941 1900 ut
953 1817 1122 1922 undecim,
1134 1815 1334 1908 duodecim
1362 1841 1433 1903 ant

329 1923 554 2036 significatu,
570 1950 614 2008 ut
632 1949 776 2028 centum,
787 1927 886 2006 mille.
907 1927 1105 2009 Nimirum
1117 1953 1186 2034 per
1199 1927 1343 2038 digitos
1357 1957 1430 2010 nu-

329 2062 476 2118 merare
488 2066 571 2118 mos
584 2035 874 2144 antiquillimus,
886 2035 954 2142 qui
968 2035 1118 2117 homini
1133 2036 1276 2120 decem.
1295 2043 1428 2146 Quare

329 2153 365 2228 ὃ(
380 2147 420 2224 in
441 2146 499 2226 his
514 2150 724 2252 praeceptis,
751 2141 958 2251 quae'supra
980 2167 1115 2226 caetera
1131 2147 1327 2230 memoriae
1341 2149 1429 2230 infi-

316 2252 457 2360 ‚genda
475 2277 598 2355 erant,
633 2255 736 2334 hunc
759 2279 960 2333 numerum
983 2255 1102 2362 elegit
1128 2259 1249 2358 Deus,
1276 2255 1318 2338 in
1343 2285 1425 2366 quo

319 2382 464 2444 omnes¹
495 2389 745 2444 numerorum
771 2361 1027 2465 diverfitates,
1065 2391 1199 2446 omnes
1236 2362 1425 2472 ἀναλογίας,

328 2497 462 2553 omnes
476 2500 561 2580 quae
574 2474 620 2555 ad
637 2498 814 2556 numeros
824 2470 1043 2554 referuntur
1055 2473 1193 2582 figuras
1203 2475 1424 2558 Geornctri-

325 2607 387 2662 cas
403 2582 577 2687 reperiri,
589 2583 665 2662 late
677 2581 843 2663 ostendit
857 2581 970 2663 Philo
992 2583 1040 2664 de
1056 2582 1184 2666 decern
1201 2585 1422 2692 praeceptis:

326 2701 362 2773 ot
383 2692 598 2774 Martianus
609 2692 781 2800 Capella,
798 2695 913 2774 Deras
925 2719 1004 2772 vero
1019 2693 1114 2772 ultra
1128 2721 1240 2772 omnes
1256 2691 1423 2798 habenda,

324 2827 398 2906 qnae
414 2830 528 2881 omnes
545 2831 700 2882 numeros
711 2799 852 2906 diversa
873 2800 1013 2882 virentri
1028 2831 1070 2882 ar
1079 2801 1301 2912 perfeilionis
1324 2805 1420 2898 intra

313 2907 479 3013 sehabet.
508 2915 647 3021 Neque
661 2911 734 2994 alil
756 2909 804 2990 de
823 2903 994 2992 caullin
1022 2911 1310 3016 decemelaffes,
1336 2943 1421 3023 quae

326 3018 447 3126 vulgo
464 3021 643 3131 Categoriae
657 3042 858 3122 vocantur,
870 3046 996 3102 rerum
1011 3047 1152 3130 genera
1171 3022 1419 3129 Pythagorici

313 3137 360 3212 .&
382 3155 447 3210 eos
463 3129 583 3210 secuti
611 3130 857 3236 Peripatetici
882 3129 1060 3212 retulere.
1105 3131 1208 3211 Turn
1229 3155 1323 3212 vero
1340 3158 1418 3214 non

323 3233 365 3316 in
383 3243 489 3349 Lege
505 3261 670 3342 tantum,
708 3236 772 3320 sed
796 3251 832 3325 ὅ(
849 3259 939 3320 ante
960 3243 1106 3346 Legem
1134 3238 1306 3321 Decimae
1331 3242 1418 3322 Deo

259 3398 261 3402 -
323 3367 441 3450 votae,
463 3349 532 3457 qui
547 3377 630 3432 mos
658 3346 706 3431 ad
719 3369 851 3455 gentes
864 3349 980 3430 etiam
1002 3345 1160 3428 transiit.
1200 3345 1301 3434 Vide
1313 3347 1417 3432 Livii

322 3466 358 3539 o<
369 3457 566 3540 Plutarchi
579 3458 775 3544 historiam
787 3459 835 3540 de
846 3456 1035 3542 Camillo:
1049 3456 1228 3540 meminit
1241 3459 1320 3567 ejus
1335 3485 1416 3540 mo·

321 3562 989 3677 risetantiquiffiminrlerodotus.
1336 3659 1338 3662 ,

307 3741 311 3746 .
376 3681 481 3758 Data
494 3702 621 3760 autem
633 3685 716 3762 Lex
734 3679 774 3760 in
789 3679 882 3762 locis
897 3675 1066 3781 incultis,
1078 3698 1123 3760 ot
1138 3686 1173 3762 δι
1190 3697 1357 3762 remotus
1368 3677 1415 3766 ab

302 3785 473 3866 orbium
492 3790 676 3896 contagio
691 3787 917 3895 populun&
930 3787 1043 3868 rebus
1059 3787 1162 3868 duris
1175 3797 1415 3896 purgatum&

320 3921 388 4000 pet
404 3895 587 3978 miracula
604 3899 743 3982 dolius
760 3898 880 3980 iDeo
891 3925 970 3979 non
988 3899 1136 3980 arebus
1149 3895 1314 3980 conditis
1326 3923 1415 4003 pen·

316 4005 420 4105 dere,
442 4004 601 4107 adeam,
627 4033 743 4115 quam
768 4011 875 4095 Deus
888 4006 1134 4113 moliebatur,
1143 4005 1412 4116 rempublicam

304 4135 605 4222 ‚prepararetun
1305 4115 1411 4202 Dicit
