<?xml version="1.0" encoding="UTF-8"?>
<!DOCTYPE html PUBLIC "-//W3C//DTD XHTML 1.0 Transitional//EN"
    "http://www.w3.org/TR/xhtml1/DTD/xhtml1-transitional.dtd">
<html xmlns="http://www.w3.org/1999/xhtml" xml:lang="en" lang="en">
 <head>
  <title>
</title>
<meta http-equiv="Content-Type" content="text/html;charset=utf-8" />
  <meta name='ocr-system' content='tesseract 3.04.00' />
  <meta name='ocr-capabilities' content='ocr_page ocr_carea ocr_par ocr_line ocrx_word'/>
</head>
<body>
  <div class='ocr_page' id='page_1' title='image "./hugonisgrotiiba02grotgoog_0017.png"; bbox 0 0 3034 4622; ppageno 0'>
   <div class='ocr_carea' id='block_1_1' title="bbox 102 145 1326 3042">
    <p class='ocr_par' dir='ltr' id='par_1_1' title="bbox 102 145 1326 3042">
     <span class='ocr_line' id='line_1_1' title="bbox 536 145 1302 282; baseline -0.004 -28"><span class='ocrx_word' id='word_1_1' title='bbox 536 145 793 282; x_wconf 75' lang='lat' dir='ltr'>Institutio.</span> <span class='ocrx_word' id='word_1_2' title='bbox 1159 179 1216 252; x_wconf 77' lang='lat'>11</span> <span class='ocrx_word' id='word_1_3' title='bbox 1299 218 1302 226; x_wconf 70' lang='lat'>,</span> 
     </span>
     <span class='ocr_line' id='line_1_2' title="bbox 102 295 1086 417; baseline -0.013 -19"><span class='ocrx_word' id='word_1_4' title='bbox 102 309 193 414; x_wconf 86' lang='lat' dir='ltr'>¹Nil</span> <span class='ocrx_word' id='word_1_5' title='bbox 213 308 271 392; x_wconf 92' lang='lat' dir='ltr'>illi</span> <span class='ocrx_word' id='word_1_6' title='bbox 290 304 448 417; x_wconf 89' lang='lat' dir='ltr'>posthac</span> <span class='ocrx_word' id='word_1_7' title='bbox 467 295 633 416; x_wconf 86' lang='lat' dir='ltr'>superest</span> <span class='ocrx_word' id='word_1_8' title='bbox 651 319 801 390; x_wconf 73' lang='lat' dir='ltr'>curaeve</span> <span class='ocrx_word' id='word_1_9' title='bbox 816 301 1015 388; x_wconf 70' lang='lat' dir='ltr'>metusve?</span> <span class='ocrx_word' id='word_1_10' title='bbox 1083 352 1086 362; x_wconf 69' lang='lat'>,</span> 
     </span>
     <span class='ocr_line' id='line_1_3' title="bbox 173 413 1123 528; baseline -0.009 -26"><span class='ocrx_word' id='word_1_11' title='bbox 173 427 311 502; x_wconf 86' lang='lat' dir='ltr'>Manet</span> <span class='ocrx_word' id='word_1_12' title='bbox 326 416 444 528; x_wconf 87' lang='lat' dir='ltr'>usque</span> <span class='ocrx_word' id='word_1_13' title='bbox 460 413 587 499; x_wconf 77' lang='lat' dir='ltr'>sensns</span> <span class='ocrx_word' id='word_1_14' title='bbox 601 416 775 524; x_wconf 76' lang='lat' dir='ltr'>praelium</span> <span class='ocrx_word' id='word_1_15' title='bbox 792 427 829 501; x_wconf 71' lang='grc' dir='ltr'>ὅ(</span> <span class='ocrx_word' id='word_1_16' title='bbox 842 414 983 498; x_wconf 88' lang='lat' dir='ltr'>mentis</span> <span class='ocrx_word' id='word_1_17' title='bbox 999 416 1123 497; x_wconf 86' lang='lat' dir='ltr'>bonae.</span> 
     </span>
     <span class='ocr_line' id='line_1_4' title="bbox 118 524 1152 636; baseline -0.012 -20"><span class='ocrx_word' id='word_1_18' title='bbox 118 535 278 616; x_wconf 81' lang='lat' dir='ltr'>Brutum</span> <span class='ocrx_word' id='word_1_19' title='bbox 294 527 413 610; x_wconf 90' lang='lat' dir='ltr'>animi</span> <span class='ocrx_word' id='word_1_20' title='bbox 430 547 578 633; x_wconf 87' lang='lat' dir='ltr'>partem</span> <span class='ocrx_word' id='word_1_21' title='bbox 594 551 681 636; x_wconf 83' lang='lat' dir='ltr'>quae</span> <span class='ocrx_word' id='word_1_22' title='bbox 696 524 807 607; x_wconf 90' lang='lat' dir='ltr'>nobis</span> <span class='ocrx_word' id='word_1_23' title='bbox 820 552 926 606; x_wconf 89' lang='lat' dir='ltr'>arma</span> <span class='ocrx_word' id='word_1_24' title='bbox 942 531 1152 608; x_wconf 72' lang='lat' dir='ltr'>coercent?</span> 
     </span>
     <span class='ocr_line' id='line_1_5' title="bbox 174 634 984 743; baseline -0.01 -19"><span class='ocrx_word' id='word_1_25' title='bbox 174 639 301 740; x_wconf 80' lang='lat' dir='ltr'>Fides,</span> <span class='ocrx_word' id='word_1_26' title='bbox 328 635 405 718; x_wconf 87' lang='lat' dir='ltr'>Dei</span> <span class='ocrx_word' id='word_1_27' title='bbox 416 661 512 736; x_wconf 68' lang='lat' dir='ltr'>ivor,</span> <span class='ocrx_word' id='word_1_28' title='bbox 528 661 615 743; x_wconf 81' lang='lat' dir='ltr'>pax,</span> <span class='ocrx_word' id='word_1_29' title='bbox 628 657 769 742; x_wconf 78' lang='lat' dir='ltr'>preces,</span> <span class='ocrx_word' id='word_1_30' title='bbox 785 634 984 743; x_wconf 85' lang='lat' dir='ltr'>jejunium.</span> 
     </span>
     <span class='ocr_line' id='line_1_6' title="bbox 121 743 1198 856; baseline -0.01 -20"><span class='ocrx_word' id='word_1_31' title='bbox 121 749 319 836; x_wconf 76' lang='lat' dir='ltr'>Correttis</span> <span class='ocrx_word' id='word_1_32' title='bbox 330 745 406 856; x_wconf 86' lang='lat' dir='ltr'>jam</span> <span class='ocrx_word' id='word_1_33' title='bbox 429 745 535 828; x_wconf 87' lang='lat' dir='ltr'>nulla</span> <span class='ocrx_word' id='word_1_34' title='bbox 550 761 708 826; x_wconf 87' lang='lat' dir='ltr'>manent</span> <span class='ocrx_word' id='word_1_35' title='bbox 728 743 886 854; x_wconf 76' lang='lat' dir='ltr'>vestigia</span> <span class='ocrx_word' id='word_1_36' title='bbox 907 743 1055 852; x_wconf 85' lang='lat' dir='ltr'>culpae?</span> <span class='ocrx_word' id='word_1_37' title='bbox 1196 753 1198 758; x_wconf 84' lang='grc'><strong>’</strong></span> 
     </span>
     <span class='ocr_line' id='line_1_7' title="bbox 175 849 1209 964; baseline -0.01 -23"><span class='ocrx_word' id='word_1_38' title='bbox 175 865 272 940; x_wconf 83' lang='lat' dir='ltr'>Haec</span> <span class='ocrx_word' id='word_1_39' title='bbox 286 854 365 964; x_wconf 83' lang='lat' dir='ltr'>ipsa</span> <span class='ocrx_word' id='word_1_40' title='bbox 380 879 518 964; x_wconf 85' lang='lat' dir='ltr'>magna</span> <span class='ocrx_word' id='word_1_41' title='bbox 532 855 586 935; x_wconf 81' lang='lat' dir='ltr'>ell</span> <span class='ocrx_word' id='word_1_42' title='bbox 608 854 720 962; x_wconf 83' lang='lat' dir='ltr'>culpa</span> <span class='ocrx_word' id='word_1_43' title='bbox 740 853 907 941; x_wconf 86' lang='lat' dir='ltr'>blandiri</span> <span class='ocrx_word' id='word_1_44' title='bbox 921 849 1002 936; x_wconf 88' lang='lat' dir='ltr'><strong>fibi.</strong></span> <span class='ocrx_word' id='word_1_45' title='bbox 1206 869 1209 878; x_wconf 84' lang='grc'><strong><em>’</em></strong></span> 
     </span>
     <span class='ocr_line' id='line_1_8' title="bbox 119 961 1169 1076; baseline -0.012 -25"><span class='ocrx_word' id='word_1_46' title='bbox 119 973 229 1074; x_wconf 84' lang='lat' dir='ltr'>Ergo</span> <span class='ocrx_word' id='word_1_47' title='bbox 243 965 337 1076; x_wconf 87' lang='lat' dir='ltr'>quid</span> <span class='ocrx_word' id='word_1_48' title='bbox 354 969 421 1068; x_wconf 85' lang='lat' dir='ltr'>ell,</span> <span class='ocrx_word' id='word_1_49' title='bbox 437 965 477 1045; x_wconf 92' lang='lat' dir='ltr'>in</span> <span class='ocrx_word' id='word_1_50' title='bbox 490 985 570 1073; x_wconf 91' lang='lat' dir='ltr'>quo</span> <span class='ocrx_word' id='word_1_51' title='bbox 583 963 707 1048; x_wconf 80' lang='lat' dir='ltr'>vincit</span> <span class='ocrx_word' id='word_1_52' title='bbox 729 986 833 1046; x_wconf 84' lang='lat' dir='ltr'>nova</span> <span class='ocrx_word' id='word_1_53' title='bbox 853 961 936 1046; x_wconf 84' lang='lat' dir='ltr'>vita</span> <span class='ocrx_word' id='word_1_54' title='bbox 956 961 1169 1046; x_wconf 83' lang='lat' dir='ltr'>vetustam?</span> 
     </span>
     <span class='ocr_line' id='line_1_9' title="bbox 174 1071 1205 1266; baseline -0.007 -108"><span class='ocrx_word' id='word_1_55' title='bbox 174 1075 294 1266; x_wconf 68' lang='lat' dir='ltr'>Opod</span> <span class='ocrx_word' id='word_1_56' title='bbox 309 1075 407 1156; x_wconf 79' lang='lat' dir='ltr'>vitia</span> <span class='ocrx_word' id='word_1_57' title='bbox 422 1072 611 1156; x_wconf 85' lang='lat' dir='ltr'>debellata</span> <span class='ocrx_word' id='word_1_58' title='bbox 629 1071 707 1154; x_wconf 82' lang='lat' dir='ltr'>stne</span> <span class='ocrx_word' id='word_1_59' title='bbox 720 1098 845 1195; x_wconf 88' lang='lat' dir='ltr'>regno</span> <span class='ocrx_word' id='word_1_60' title='bbox 863 1072 1002 1182; x_wconf 81' lang='lat' dir='ltr'>jacent.</span> <span class='ocrx_word' id='word_1_61' title='bbox 1203 1088 1205 1096; x_wconf 86' lang='grc'><strong>’</strong></span> 
     </span>
     <span class='ocr_line' id='line_1_10' title="bbox 119 1179 1326 1292; baseline -0.007 -24"><span class='ocrx_word' id='word_1_62' title='bbox 119 1187 207 1292; x_wconf 86' lang='lat' dir='ltr'>Lap</span> <span class='ocrx_word' id='word_1_63' title='bbox 223 1181 378 1266; x_wconf 86' lang='lat' dir='ltr'>antesne</span> <span class='ocrx_word' id='word_1_64' title='bbox 392 1184 521 1266; x_wconf 92' lang='lat' dir='ltr'>Deum</span> <span class='ocrx_word' id='word_1_65' title='bbox 542 1179 698 1292; x_wconf 83' lang='lat' dir='ltr'>palliant</span> <span class='ocrx_word' id='word_1_66' title='bbox 713 1205 880 1263; x_wconf 82' lang='lat' dir='ltr'>retinere</span> <span class='ocrx_word' id='word_1_67' title='bbox 894 1183 1115 1264; x_wconf 84' lang='lat' dir='ltr'>laventem?</span> <span class='ocrx_word' id='word_1_68' title='bbox 1204 1191 1213 1206; x_wconf 87' lang='lat'>&#39;</span> <span class='ocrx_word' id='word_1_69' title='bbox 1323 1281 1326 1290; x_wconf 17' lang='grc' dir='ltr'><strong><em>Δ</em></strong></span> 
     </span>
     <span class='ocr_line' id='line_1_11' title="bbox 174 1291 1210 1402; baseline -0.002 -26"><span class='ocrx_word' id='word_1_70' title='bbox 174 1295 293 1377; x_wconf 86' lang='lat' dir='ltr'>Labis</span> <span class='ocrx_word' id='word_1_71' title='bbox 306 1294 485 1402; x_wconf 78' lang='lat' dir='ltr'>reliquias</span> <span class='ocrx_word' id='word_1_72' title='bbox 509 1291 700 1374; x_wconf 82' lang='lat' dir='ltr'>donatob</span> <span class='ocrx_word' id='word_1_73' title='bbox 713 1292 909 1376; x_wconf 86' lang='lat' dir='ltr'>Christum</span> <span class='ocrx_word' id='word_1_74' title='bbox 923 1299 1067 1376; x_wconf 68' lang='lat' dir='ltr'>Pater·</span> <span class='ocrx_word' id='word_1_75' title='bbox 1205 1348 1210 1356; x_wconf 40' lang='grc' dir='ltr'><em>ι</em></span> 
     </span>
     <span class='ocr_line' id='line_1_12' title="bbox 120 1399 1169 1511; baseline -0.006 -25"><span class='ocrx_word' id='word_1_76' title='bbox 120 1404 303 1511; x_wconf 84' lang='lat' dir='ltr'>Lympha</span> <span class='ocrx_word' id='word_1_77' title='bbox 325 1405 564 1486; x_wconf 70' lang='lat' dir='ltr'>revicturum</span> <span class='ocrx_word' id='word_1_78' title='bbox 587 1403 664 1511; x_wconf 72' lang='lat' dir='ltr'>qul</span> <span class='ocrx_word' id='word_1_79' title='bbox 686 1399 808 1509; x_wconf 76' lang='lat' dir='ltr'>signat</span> <span class='ocrx_word' id='word_1_80' title='bbox 824 1400 992 1510; x_wconf 84' lang='lat' dir='ltr'>imagine</span> <span class='ocrx_word' id='word_1_81' title='bbox 1007 1404 1169 1509; x_wconf 88' lang='lat' dir='ltr'>corpus?</span> 
     </span>
     <span class='ocr_line' id='line_1_13' title="bbox 174 1507 947 1622; baseline -0.006 -26"><span class='ocrx_word' id='word_1_82' title='bbox 174 1519 391 1622; x_wconf 89' lang='lat' dir='ltr'>Surgemus,</span> <span class='ocrx_word' id='word_1_83' title='bbox 417 1513 594 1594; x_wconf 89' lang='lat' dir='ltr'>urinator</span> <span class='ocrx_word' id='word_1_84' title='bbox 614 1527 660 1593; x_wconf 83' lang='lat' dir='ltr'>ut</span> <span class='ocrx_word' id='word_1_85' title='bbox 674 1512 814 1621; x_wconf 80' lang='lat' dir='ltr'>pelago</span> <span class='ocrx_word' id='word_1_86' title='bbox 836 1507 947 1593; x_wconf 88' lang='lat' dir='ltr'>solet.</span> 
     </span>
     <span class='ocr_line' id='line_1_14' title="bbox 120 1619 1123 1731; baseline -0.002 -29"><span class='ocrx_word' id='word_1_87' title='bbox 120 1625 222 1726; x_wconf 82' lang='lat' dir='ltr'>Qrae</span> <span class='ocrx_word' id='word_1_88' title='bbox 241 1624 339 1725; x_wconf 86' lang='lat' dir='ltr'>loca,</span> <span class='ocrx_word' id='word_1_89' title='bbox 361 1623 435 1725; x_wconf 90' lang='lat' dir='ltr'>dic,</span> <span class='ocrx_word' id='word_1_90' title='bbox 454 1623 599 1704; x_wconf 79' lang='lat' dir='ltr'>animas</span> <span class='ocrx_word' id='word_1_91' title='bbox 614 1619 705 1704; x_wconf 92' lang='lat' dir='ltr'>sunt</span> <span class='ocrx_word' id='word_1_92' title='bbox 717 1639 923 1731; x_wconf 85' lang='lat' dir='ltr'>exceptura</span> <span class='ocrx_word' id='word_1_93' title='bbox 940 1620 1123 1729; x_wconf 91' lang='lat' dir='ltr'>piorum?</span> 
     </span>
     <span class='ocr_line' id='line_1_15' title="bbox 179 1729 1080 1836; baseline -0.007 -21"><span class='ocrx_word' id='word_1_94' title='bbox 179 1730 336 1815; x_wconf 87' lang='lat' dir='ltr'>Christo</span> <span class='ocrx_word' id='word_1_95' title='bbox 360 1733 571 1813; x_wconf 88' lang='lat' dir='ltr'>manebunt</span> <span class='ocrx_word' id='word_1_96' title='bbox 583 1730 765 1811; x_wconf 88' lang='lat' dir='ltr'>ultimum</span> <span class='ocrx_word' id='word_1_97' title='bbox 786 1731 928 1836; x_wconf 67' lang='lat' dir='ltr'>junctae</span> <span class='ocrx_word' id='word_1_98' title='bbox 942 1729 1059 1814; x_wconf 90' lang='lat' dir='ltr'>diem.</span> <span class='ocrx_word' id='word_1_99' title='bbox 1078 1787 1080 1792; x_wconf 79' lang='lat'>-</span> 
     </span>
     <span class='ocr_line' id='line_1_16' title="bbox 122 1835 1174 1948; baseline -0.008 -23"><span class='ocrx_word' id='word_1_100' title='bbox 122 1839 196 1925; x_wconf 92' lang='lat' dir='ltr'>llle</span> <span class='ocrx_word' id='word_1_101' title='bbox 210 1839 292 1922; x_wconf 87' lang='lat' dir='ltr'>dies</span> <span class='ocrx_word' id='word_1_102' title='bbox 305 1839 392 1948; x_wconf 84' lang='lat' dir='ltr'>quis</span> <span class='ocrx_word' id='word_1_103' title='bbox 407 1839 508 1922; x_wconf 85' lang='lat' dir='ltr'>erit?</span> <span class='ocrx_word' id='word_1_104' title='bbox 534 1862 633 1946; x_wconf 86' lang='lat' dir='ltr'>quos</span> <span class='ocrx_word' id='word_1_105' title='bbox 647 1837 841 1919; x_wconf 77' lang='lat' dir='ltr'>illucescet</span> <span class='ocrx_word' id='word_1_106' title='bbox 859 1837 900 1919; x_wconf 92' lang='lat' dir='ltr'>in</span> <span class='ocrx_word' id='word_1_107' title='bbox 916 1835 1034 1921; x_wconf 86' lang='lat' dir='ltr'>usus?</span> <span class='ocrx_word' id='word_1_108' title='bbox 1172 1859 1174 1862; x_wconf 87' lang='grc'><strong><em>·</em></strong></span> 
     </span>
     <span class='ocr_line' id='line_1_17' title="bbox 123 1945 986 2034; baseline 0.002 -9"><span class='ocrx_word' id='word_1_109' title='bbox 123 1993 133 2025; x_wconf 73' lang='lat' dir='ltr'>t</span> <span class='ocrx_word' id='word_1_110' title='bbox 178 1949 338 2034; x_wconf 88' lang='lat' dir='ltr'>Cineres</span> <span class='ocrx_word' id='word_1_111' title='bbox 360 1948 497 2032; x_wconf 88' lang='lat' dir='ltr'>citabit</span> <span class='ocrx_word' id='word_1_112' title='bbox 512 1947 607 2030; x_wconf 86' lang='lat' dir='ltr'>civis</span> <span class='ocrx_word' id='word_1_113' title='bbox 620 1945 770 2029; x_wconf 81' lang='lat' dir='ltr'>aetherii</span> <span class='ocrx_word' id='word_1_114' title='bbox 791 1945 896 2028; x_wconf 81' lang='lat' dir='ltr'>tuba.</span> <span class='ocrx_word' id='word_1_115' title='bbox 983 1963 986 1971; x_wconf 79' lang='grc'><strong>“</strong></span> 
     </span>
     <span class='ocr_line' id='line_1_18' title="bbox 120 2049 1007 2164; baseline -0.009 -20"><span class='ocrx_word' id='word_1_116' title='bbox 120 2067 174 2144; x_wconf 89' lang='lat' dir='ltr'>Et</span> <span class='ocrx_word' id='word_1_117' title='bbox 189 2085 257 2139; x_wconf 91' lang='lat' dir='ltr'>cur</span> <span class='ocrx_word' id='word_1_118' title='bbox 271 2055 433 2140; x_wconf 88' lang='lat' dir='ltr'>inferuis</span> <span class='ocrx_word' id='word_1_119' title='bbox 452 2083 501 2138; x_wconf 87' lang='lat' dir='ltr'>ex</span> <span class='ocrx_word' id='word_1_120' title='bbox 516 2049 665 2138; x_wconf 87' lang='lat' dir='ltr'>sedibus</span> <span class='ocrx_word' id='word_1_121' title='bbox 682 2055 768 2138; x_wconf 81' lang='lat' dir='ltr'>olla·</span> <span class='ocrx_word' id='word_1_122' title='bbox 783 2053 1007 2164; x_wconf 83' lang='lat' dir='ltr'>resurgent?</span> 
     </span>
     <span class='ocr_line' id='line_1_19' title="bbox 174 2162 1190 2276; baseline -0.012 -24"><span class='ocrx_word' id='word_1_123' title='bbox 174 2173 237 2252; x_wconf 90' lang='lat' dir='ltr'>Ut</span> <span class='ocrx_word' id='word_1_124' title='bbox 252 2165 671 2276; x_wconf 70' lang='lat' dir='ltr'>aequafatstispraemia,</span> <span class='ocrx_word' id='word_1_125' title='bbox 697 2186 905 2272; x_wconf 79' lang='lat' dir='ltr'>autpaenas</span> <span class='ocrx_word' id='word_1_126' title='bbox 921 2162 1061 2248; x_wconf 85' lang='lat' dir='ltr'>ferant.</span> <span class='ocrx_word' id='word_1_127' title='bbox 1173 2205 1190 2240; x_wconf 51' lang='lat' dir='ltr'>e</span> 
     </span>
     <span class='ocr_line' id='line_1_20' title="bbox 122 2272 1067 2386; baseline -0.003 -28"><span class='ocrx_word' id='word_1_128' title='bbox 122 2277 212 2386; x_wconf 70' lang='lat' dir='ltr'>Q?</span> <span class='ocrx_word' id='word_1_129' title='bbox 225 2275 354 2359; x_wconf 88' lang='lat' dir='ltr'>statuit</span> <span class='ocrx_word' id='word_1_130' title='bbox 369 2276 542 2362; x_wconf 89' lang='lat' dir='ltr'>Christus</span> <span class='ocrx_word' id='word_1_131' title='bbox 555 2275 666 2383; x_wconf 68' lang='lat' dir='ltr'>paenh</span> <span class='ocrx_word' id='word_1_132' title='bbox 686 2272 867 2356; x_wconf 80' lang='lat' dir='ltr'>damnare</span> <span class='ocrx_word' id='word_1_133' title='bbox 881 2275 1067 2360; x_wconf 83' lang='lat' dir='ltr'>rebelles?</span> 
     </span>
     <span class='ocr_line' id='line_1_21' title="bbox 179 2379 1206 2494; baseline -0.006 -24"><span class='ocrx_word' id='word_1_134' title='bbox 179 2385 352 2470; x_wconf 71' lang='lat' dir='ltr'>Flammh</span> <span class='ocrx_word' id='word_1_135' title='bbox 376 2385 550 2494; x_wconf 91' lang='lat' dir='ltr'>perenni,</span> <span class='ocrx_word' id='word_1_136' title='bbox 575 2395 612 2471; x_wconf 72' lang='lat' dir='ltr'>ht</span> <span class='ocrx_word' id='word_1_137' title='bbox 630 2401 758 2468; x_wconf 83' lang='lat' dir='ltr'>morte</span> <span class='ocrx_word' id='word_1_138' title='bbox 778 2411 867 2494; x_wconf 85' lang='lat' dir='ltr'>quae</span> <span class='ocrx_word' id='word_1_139' title='bbox 887 2379 1008 2467; x_wconf 89' lang='lat' dir='ltr'>nescit</span> <span class='ocrx_word' id='word_1_140' title='bbox 1028 2383 1142 2468; x_wconf 88' lang='lat' dir='ltr'>mori.</span> <span class='ocrx_word' id='word_1_141' title='bbox 1201 2441 1206 2448; x_wconf 87' lang='lat'><em>-</em></span> 
     </span>
     <span class='ocr_line' id='line_1_22' title="bbox 123 2493 1079 2604; baseline -0.002 -24"><span class='ocrx_word' id='word_1_142' title='bbox 123 2499 181 2580; x_wconf 86' lang='lat' dir='ltr'>At</span> <span class='ocrx_word' id='word_1_143' title='bbox 194 2521 279 2602; x_wconf 82' lang='lat' dir='ltr'>quae</span> <span class='ocrx_word' id='word_1_144' title='bbox 295 2495 399 2578; x_wconf 87' lang='lat' dir='ltr'>dona</span> <span class='ocrx_word' id='word_1_145' title='bbox 412 2495 486 2604; x_wconf 87' lang='lat' dir='ltr'>piis</span> <span class='ocrx_word' id='word_1_146' title='bbox 499 2494 653 2578; x_wconf 88' lang='lat' dir='ltr'>bonitas</span> <span class='ocrx_word' id='word_1_147' title='bbox 665 2493 814 2578; x_wconf 87' lang='lat' dir='ltr'>Divina</span> <span class='ocrx_word' id='word_1_148' title='bbox 825 2495 1006 2602; x_wconf 86' lang='lat' dir='ltr'>paravit?</span> <span class='ocrx_word' id='word_1_149' title='bbox 1070 2495 1079 2512; x_wconf 64' lang='lat'>‘</span> 
     </span>
     <span class='ocr_line' id='line_1_23' title="bbox 177 2602 1032 2714; baseline 0.001 -26"><span class='ocrx_word' id='word_1_150' title='bbox 177 2609 273 2688; x_wconf 90' lang='lat' dir='ltr'>Non</span> <span class='ocrx_word' id='word_1_151' title='bbox 289 2605 452 2688; x_wconf 77' lang='lat' dir='ltr'>desitura</span> <span class='ocrx_word' id='word_1_152' title='bbox 472 2602 613 2714; x_wconf 82' lang='lat' dir='ltr'>gaudia</span> <span class='ocrx_word' id='word_1_153' title='bbox 628 2602 760 2706; x_wconf 88' lang='lat' dir='ltr'>unimi,</span> <span class='ocrx_word' id='word_1_154' title='bbox 786 2613 823 2689; x_wconf 83' lang='lat'>&amp;</span> <span class='ocrx_word' id='word_1_155' title='bbox 844 2605 1032 2712; x_wconf 89' lang='lat' dir='ltr'>corporis.</span> 
     </span>
     <span class='ocr_line' id='line_1_24' title="bbox 123 2711 1027 2824; baseline -0.002 -27"><span class='ocrx_word' id='word_1_156' title='bbox 123 2719 375 2824; x_wconf 81' lang='lat' dir='ltr'>Exurgentne</span> <span class='ocrx_word' id='word_1_157' title='bbox 388 2715 529 2798; x_wconf 87' lang='lat' dir='ltr'>iterum</span> <span class='ocrx_word' id='word_1_158' title='bbox 545 2711 689 2822; x_wconf 86' lang='lat' dir='ltr'>dilapsa</span> <span class='ocrx_word' id='word_1_159' title='bbox 707 2712 894 2796; x_wconf 78' lang='lat' dir='ltr'>cadavera</span> <span class='ocrx_word' id='word_1_160' title='bbox 910 2714 1027 2798; x_wconf 87' lang='lat' dir='ltr'>tabo?</span> 
     </span>
     <span class='ocr_line' id='line_1_25' title="bbox 178 2821 905 2932; baseline -0.006 -24"><span class='ocrx_word' id='word_1_161' title='bbox 178 2833 240 2908; x_wconf 89' lang='lat' dir='ltr'>lta</span> <span class='ocrx_word' id='word_1_162' title='bbox 252 2825 471 2907; x_wconf 83' lang='lat' dir='ltr'>excitantur</span> <span class='ocrx_word' id='word_1_163' title='bbox 487 2824 589 2905; x_wconf 86' lang='lat' dir='ltr'>farra</span> <span class='ocrx_word' id='word_1_164' title='bbox 602 2843 789 2932; x_wconf 87' lang='lat' dir='ltr'>corrupto</span> <span class='ocrx_word' id='word_1_165' title='bbox 810 2821 905 2904; x_wconf 88' lang='lat' dir='ltr'>satu.</span> 
     </span>
     <span class='ocr_line' id='line_1_26' title="bbox 123 2928 1108 3042; baseline 0 -28"><span class='ocrx_word' id='word_1_166' title='bbox 123 2933 252 3042; x_wconf 69' lang='lat' dir='ltr'>Quale</span> <span class='ocrx_word' id='word_1_167' title='bbox 268 2935 374 3042; x_wconf 85' lang='lat' dir='ltr'>prius</span> <span class='ocrx_word' id='word_1_168' title='bbox 392 2929 521 3015; x_wconf 85' lang='lat' dir='ltr'>fuerat</span> <span class='ocrx_word' id='word_1_169' title='bbox 533 2957 686 3042; x_wconf 86' lang='lat' dir='ltr'>corpus,</span> <span class='ocrx_word' id='word_1_170' title='bbox 711 2955 804 3014; x_wconf 89' lang='lat' dir='ltr'>num</span> <span class='ocrx_word' id='word_1_171' title='bbox 823 2934 900 3013; x_wconf 88' lang='lat' dir='ltr'>tale</span> <span class='ocrx_word' id='word_1_172' title='bbox 916 2928 1086 3014; x_wconf 86' lang='lat' dir='ltr'>redibit?</span> <span class='ocrx_word' id='word_1_173' title='bbox 1105 2985 1108 2992; x_wconf 76' lang='lat'>,</span> 
     </span>
    </p>
   </div>
   <div class='ocr_carea' id='block_1_2' title="bbox 178 3039 1348 3152">
    <p class='ocr_par' dir='ltr' id='par_1_2' title="bbox 178 3039 1348 3152">
     <span class='ocr_line' id='line_1_27' title="bbox 178 3039 1348 3152; baseline -0.003 -25"><span class='ocrx_word' id='word_1_174' title='bbox 178 3047 298 3127; x_wconf 83' lang='lat' dir='ltr'>Non:</span> <span class='ocrx_word' id='word_1_175' title='bbox 325 3041 391 3126; x_wconf 92' lang='lat' dir='ltr'>sed</span> <span class='ocrx_word' id='word_1_176' title='bbox 413 3063 596 3152; x_wconf 85' lang='lat' dir='ltr'>perenne,</span> <span class='ocrx_word' id='word_1_177' title='bbox 620 3041 677 3124; x_wconf 87' lang='lat' dir='ltr'>ful</span> <span class='ocrx_word' id='word_1_178' title='bbox 709 3041 827 3145; x_wconf 86' lang='lat' dir='ltr'>idum,</span> <span class='ocrx_word' id='word_1_179' title='bbox 846 3039 1224 3152; x_wconf 81' lang='lat' dir='ltr'>aetherium,vigens.</span> <span class='ocrx_word' id='word_1_180' title='bbox 1345 3051 1348 3056; x_wconf 86' lang='lat'>&#39;</span> 
     </span>
    </p>
   </div>
   <div class='ocr_carea' id='block_1_3' title="bbox 124 3067 1234 4111">
    <p class='ocr_par' dir='ltr' id='par_1_3' title="bbox 124 3067 1234 4111">
     <span class='ocr_line' id='line_1_28' title="bbox 124 3067 1234 3262; baseline -0.004 -25"><span class='ocrx_word' id='word_1_181' title='bbox 124 3151 269 3237; x_wconf 89' lang='lat' dir='ltr'>Ullane</span> <span class='ocrx_word' id='word_1_182' title='bbox 285 3153 360 3235; x_wconf 89' lang='lat' dir='ltr'>erit</span> <span class='ocrx_word' id='word_1_183' title='bbox 373 3151 549 3257; x_wconf 85' lang='lat' dir='ltr'>thalami,</span> <span class='ocrx_word' id='word_1_184' title='bbox 568 3067 746 3262; x_wconf 55' lang='lat' dir='ltr'>pothlie,</span> <span class='ocrx_word' id='word_1_185' title='bbox 767 3150 895 3235; x_wconf 88' lang='lat' dir='ltr'>cibive</span> <span class='ocrx_word' id='word_1_186' title='bbox 915 3151 1088 3262; x_wconf 88' lang='lat' dir='ltr'>cupido?</span> <span class='ocrx_word' id='word_1_187' title='bbox 1228 3171 1234 3185; x_wconf 86' lang='lat'><em>·</em></span> 
     </span>
     <span class='ocr_line' id='line_1_29' title="bbox 178 3259 1130 3368; baseline -0.002 -23"><span class='ocrx_word' id='word_1_188' title='bbox 178 3270 381 3368; x_wconf 86' lang='lat' dir='ltr'>Fruemur‚</span> <span class='ocrx_word' id='word_1_189' title='bbox 391 3263 534 3345; x_wconf 89' lang='lat' dir='ltr'>horum</span> <span class='ocrx_word' id='word_1_190' title='bbox 550 3259 678 3366; x_wconf 83' lang='lat' dir='ltr'>nescii,</span> <span class='ocrx_word' id='word_1_191' title='bbox 697 3283 785 3344; x_wconf 82' lang='lat' dir='ltr'>aeuo</span> <span class='ocrx_word' id='word_1_192' title='bbox 797 3261 977 3345; x_wconf 82' lang='lat' dir='ltr'>caelitum.</span> <span class='ocrx_word' id='word_1_193' title='bbox 1127 3357 1130 3364; x_wconf 19' lang='lat'>¹</span> 
     </span>
     <span class='ocr_line' id='line_1_30' title="bbox 126 3368 1118 3474; baseline 0.002 -22"><span class='ocrx_word' id='word_1_194' title='bbox 126 3371 369 3455; x_wconf 86' lang='lat' dir='ltr'>Lustrabitne</span> <span class='ocrx_word' id='word_1_195' title='bbox 385 3368 692 3474; x_wconf 60' lang='lat' dir='ltr'>oculouautsol,</span> <span class='ocrx_word' id='word_1_196' title='bbox 719 3391 786 3452; x_wconf 86' lang='lat' dir='ltr'>aut</span> <span class='ocrx_word' id='word_1_197' title='bbox 806 3397 951 3454; x_wconf 82' lang='lat' dir='ltr'>cornua</span> <span class='ocrx_word' id='word_1_198' title='bbox 965 3375 1118 3454; x_wconf 87' lang='lat' dir='ltr'>Lunae?</span> 
     </span>
     <span class='ocr_line' id='line_1_31' title="bbox 181 3479 925 3591; baseline 0.004 -29"><span class='ocrx_word' id='word_1_199' title='bbox 181 3485 317 3563; x_wconf 89' lang='lat' dir='ltr'>Unum</span> <span class='ocrx_word' id='word_1_200' title='bbox 337 3481 449 3591; x_wconf 81' lang='lat' dir='ltr'>jubar</span> <span class='ocrx_word' id='word_1_201' title='bbox 470 3479 617 3564; x_wconf 81' lang='lat' dir='ltr'>Divina</span> <span class='ocrx_word' id='word_1_202' title='bbox 634 3479 812 3589; x_wconf 71' lang='lat' dir='ltr'>Maiestas</span> <span class='ocrx_word' id='word_1_203' title='bbox 837 3482 925 3565; x_wconf 85' lang='lat' dir='ltr'>erit.</span> 
     </span>
     <span class='ocr_line' id='line_1_32' title="bbox 125 3588 1119 3700; baseline 0.002 -31"><span class='ocrx_word' id='word_1_204' title='bbox 125 3588 263 3697; x_wconf 78' lang='lat' dir='ltr'>Qalis</span> <span class='ocrx_word' id='word_1_205' title='bbox 283 3591 359 3672; x_wconf 91' lang='lat' dir='ltr'>erit</span> <span class='ocrx_word' id='word_1_206' title='bbox 377 3589 491 3674; x_wconf 83' lang='lat' dir='ltr'>nubis</span> <span class='ocrx_word' id='word_1_207' title='bbox 515 3589 570 3672; x_wconf 90' lang='lat' dir='ltr'>ibi</span> <span class='ocrx_word' id='word_1_208' title='bbox 593 3612 681 3700; x_wconf 77' lang='lat' dir='ltr'>quae</span> <span class='ocrx_word' id='word_1_209' title='bbox 696 3590 875 3696; x_wconf 84' lang='lat' dir='ltr'>promiffa</span> <span class='ocrx_word' id='word_1_210' title='bbox 900 3588 1119 3698; x_wconf 80' lang='lat' dir='ltr'>voluptas?-</span> 
     </span>
     <span class='ocr_line' id='line_1_33' title="bbox 179 3697 1184 3811; baseline 0 -33"><span class='ocrx_word' id='word_1_211' title='bbox 179 3698 343 3805; x_wconf 83' lang='lat' dir='ltr'>Qralem</span> <span class='ocrx_word' id='word_1_212' title='bbox 359 3699 557 3804; x_wconf 83' lang='lat' dir='ltr'>necauris,</span> <span class='ocrx_word' id='word_1_213' title='bbox 585 3719 657 3782; x_wconf 81' lang='lat' dir='ltr'>nec</span> <span class='ocrx_word' id='word_1_214' title='bbox 677 3699 825 3804; x_wconf 87' lang='lat' dir='ltr'>oculus,</span> <span class='ocrx_word' id='word_1_215' title='bbox 846 3725 916 3782; x_wconf 88' lang='lat' dir='ltr'>nec</span> <span class='ocrx_word' id='word_1_216' title='bbox 939 3725 1045 3783; x_wconf 86' lang='lat' dir='ltr'>mens</span> <span class='ocrx_word' id='word_1_217' title='bbox 1067 3697 1184 3811; x_wconf 85' lang='lat' dir='ltr'>capit.</span> 
     </span>
     <span class='ocr_line' id='line_1_34' title="bbox 128 3805 955 3901; baseline -0.001 -12"><span class='ocrx_word' id='word_1_218' title='bbox 128 3805 227 3890; x_wconf 89' lang='lat' dir='ltr'>llluc</span> <span class='ocrx_word' id='word_1_219' title='bbox 246 3828 291 3889; x_wconf 89' lang='lat' dir='ltr'>ut</span> <span class='ocrx_word' id='word_1_220' title='bbox 309 3811 438 3892; x_wconf 87' lang='lat' dir='ltr'>venias</span> <span class='ocrx_word' id='word_1_221' title='bbox 451 3834 500 3892; x_wconf 85' lang='lat' dir='ltr'>ex</span> <span class='ocrx_word' id='word_1_222' title='bbox 523 3809 660 3894; x_wconf 65' lang='lat' dir='ltr'>norm?</span> <span class='ocrx_word' id='word_1_223' title='bbox 685 3810 777 3891; x_wconf 83' lang='lat' dir='ltr'>vive</span> <span class='ocrx_word' id='word_1_224' title='bbox 790 3808 955 3901; x_wconf 79' lang='lat' dir='ltr'>lavacri;</span> 
     </span>
     <span class='ocr_line' id='line_1_35' title="bbox 180 3915 1225 4109; baseline -0.004 -105"><span class='ocrx_word' id='word_1_225' title='bbox 180 3915 351 4030; x_wconf 87' lang='lat' dir='ltr'>Adjutor</span> <span class='ocrx_word' id='word_1_226' title='bbox 367 3918 460 4006; x_wconf 79' lang='lat' dir='ltr'>sdsst</span> <span class='ocrx_word' id='word_1_227' title='bbox 483 3919 550 4004; x_wconf 83' lang='lat' dir='ltr'>ille</span> <span class='ocrx_word' id='word_1_228' title='bbox 565 3918 633 4030; x_wconf 86' lang='lat' dir='ltr'>qui</span> <span class='ocrx_word' id='word_1_229' title='bbox 652 3917 755 4030; x_wconf 81' lang='lat' dir='ltr'>jnffit</span> <span class='ocrx_word' id='word_1_230' title='bbox 780 3924 898 4003; x_wconf 87' lang='lat' dir='ltr'>Deus.</span> <span class='ocrx_word' id='word_1_231' title='bbox 1165 3969 1225 4109; x_wconf 80' lang='lat' dir='ltr'>U.·</span> 
     </span>
     <span class='ocr_line' id='line_1_36' title="bbox 755 4032 1229 4111; baseline -0.002 0"><span class='ocrx_word' id='word_1_232' title='bbox 755 4032 839 4111; x_wconf 76' lang='lat' dir='ltr'>Ba</span> <span class='ocrx_word' id='word_1_233' title='bbox 1121 4033 1155 4110; x_wconf 88' lang='lat' dir='ltr'>E</span> <span class='ocrx_word' id='word_1_234' title='bbox 1210 4069 1229 4088; x_wconf 91' lang='lat'><strong>·</strong></span> 
     </span>
    </p>
   </div>
   <div class='ocr_carea' id='block_1_4' title="bbox 1140 4322 1158 4395">
    <p class='ocr_par' dir='ltr' id='par_1_4' title="bbox 1140 4322 1158 4395">
     <span class='ocr_line' id='line_1_37' title="bbox 1140 4322 1158 4395; baseline 0 -31"><span class='ocrx_word' id='word_1_235' title='bbox 1140 4322 1158 4395; x_wconf 53' lang='lat' dir='ltr'>sl</span> 
     </span>
    </p>
   </div>
   <div class='ocr_carea' id='block_1_5' title="bbox 0 0 1532 4622">
    <p class='ocr_par' dir='ltr' id='par_1_5' title="bbox 0 0 1532 4622">
     <span class='ocr_line' id='line_1_38' title="bbox 0 0 1532 4622; baseline 0 0"><span class='ocrx_word' id='word_1_236' title='bbox 0 0 1532 4622; x_wconf 95' lang='lat' dir='ltr'> </span> 
     </span>
    </p>
   </div>
  </div>
 </body>
</html>
