3034 4622
183 214 186 221 ·
235 129 452 272 Decologi
461 153 755 274 preceptum
757 114 1037 270 secundnm.
1121 160 1189 272 '41
1300 241 1303 247 .

99 278 251 402 insuper
265 289 410 375 aboleri
427 293 607 402 jubentur
624 293 748 375 Exod'.
766 321 899 392 3413.
928 297 1046 375 Num.
1064 321 1079 391 3
1090 291 1193 392 3.'5i.

99 407 218 484 Dent.
238 435 271 494 7.
290 431 322 499 5.
351 406 451 486 Cum
469 403 610 483 Pilatus
630 403 785 510 clypeos
803 404 842 482 in
857 401 1027 512 Templo
1044 403 1197 508 fixiffer,

90 510 218 624 Judaei
240 540 322 593 non
344 511 526 620 quievere
551 511 675 592 donec
697 511 940 612 tollerentur,
966 513 1057 622 quia
1083 515 1125 594 in
1149 513 1196 597 iis

99 642 210 702 erant
233 617 396 722 poppo)
414 617 528 696 saltur
548 617 751 702 Caesarum.
808 631 859 704 Et
883 624 1055 730 trophaea
1071 625 1197 706 Hero-

100 729 164 812 des
189 757 278 812 cum
302 726 497 830 statuisset,
523 746 605 808 non
632 729 736 836 prius
762 729 855 812 iram
888 731 1023 838 populi
1048 731 1207 842 effugit,

99 866 217 948 quarn
240 838 287 918 iis
309 836 457 918 nudatis
480 836 648 918 ostendit
667 839 790 920 nullas
817 838 871 924 ibi
897 840 1016 922 latere
1041 843 1197 950 effigies,

100 945 246 1058 Aquila
261 945 375 1026 etiam
389 969 502 1025 aurea
516 943 627 1053 supra
641 967 794 1054 portam
809 949 965 1054 Templi
979 951 1027 1032 ab
1039 951 1199 1034 Herode

101 1056 239 1164 posita,
266 1077 445 1164 tanquam
459 1055 537 1164 legi
551 1083 781 1165 repugnans,
796 1055 946 1166 dejesta
958 1058 1031 1148 est;
1058 1081 1200 1141 utnara

103 1161 362 1280 ratJoiephus
375 1164 506 1254 lib.17.
535 1169 674 1273 Neque
689 1191 781 1246 vero
797 1166 838 1245 in
855 1156 1023 1274 Templo
1038 1173 1203 1271 tantum,

103 1271 209 1384 quod
229 1275 372 1356 Tacito
387 1300 429 1355 ac
450 1273 573 1354 Dioni
589 1293 780 1377 notatum,
809 1273 871 1354 sed
892 1274 1031 1384 quovis
1056 1275 1204 1360 alio'in

102 1383 193 1464 loco
223 1381 365 1464 habere
393 1381 554 1488 sculptas
580 1383 833 1464 animantium
859 1385 1043 1495 imagines
1059 1382 1204 1494 Judaeis

48 1536 51 1548 ·
103 1491 367 1576 interdictum.
410 1492 522 1594 Vide,
540 1489 567 1572 fi
593 1489 874 1594 libet,=Mosern
890 1493 939 1573 de
961 1495 1083 1576 Kotzi
1101 1498 1140 1575 in
1158 1495 1205 1576 li·

102 1601 266 1708 broDe
286 1601 483 1708 praeceptis
506 1603 737 1708 jubentibus,
764 1615 798 1688 or
816 1602 1055 1710 negantibus,
1082 1607 1206 1714 &Jo-¹

104 1703 270 1817 sephuni
283 1711 383 1790 Belli
392 1707 562 1818 Judaici,
583 1711 608 1792 l.
623 1740 658 1791 2.
720 1723 722 1734 '

164 1822 314 1917 Contra
327 1819 427 1900 hanc
441 1819 578 1926 legens,
598 1816 781 1924 quamdiu
794 1817 926 1898 mansit
938 1819 1055 1930 Legis
1067 1815 1206 1903 sancii*

107 1945 178 2028 tas,
204 1923 339 2009 venire
357 1928 503 2010 nemini
519 1925 640 2032 licuit,
667 1925 735 2009 nifi
753 1933 843 2008 Deo
860 1927 928 2034 ipsi
942 1929 1059 2038 Legis
1072 1933 1206 2012 condi-

108 2033 201 2137 tori,
222 2036 289 2144 qui
305 2033 372 2115 fibi
387 2035 453 2144 ipsi
467 2035 704 2144 exceptionis
721 2036 1039 2143 potestatemnon
1058 2037 1209 2120 ademe⁴

109 2166 181 2224 rat,
229 2156 263 2226 ls
278 2143 345 2225 suo
357 2145 441 2253 jure
457 2145 499 2225 in
517 2145 672 2252 Templi
697 2144 780 2253 ipso
799 2145 985 2252 penetrali
1002 2147 1121 2228 locari
1134 2142 1210 2256 jus*

37 2335 39 2340 .
111 2252 156 2334 fit
176 2251 432 2356 Cherubinos,
460 2255 575 2334 alatas
591 2255 760 2334 humano
776 2253 917 2361 effigies
941 2256 1063 2350 vultu,
1092 2284 1141 2338 eo
1167 2256 1210 2341 in

111 2361 201 2443 ioco
222 2389 302 2470 quo
318 2361 418 2468 solus
431 2361 611 2445 Pontifex
628 2364 820 2445 Maximus
837 2361 953 2443 semei
967 2393 1070 2446 anno
1092 2363 1211 2449 intra*

114 2471 193 2574 bat,
219 2494 357 2580 gnarus
374 2500 455 2552 non
470 2465 584 2552 ineffe
601 2471 675 2554 illis
690 2473 828 2561 Dirini
843 2473 1002 2582 aliquid,
1017 2474 1078 2556 sed
1090 2471 1211 2584 'figni-

30 2606 33 2612 ·
112 2577 217 2660 ficari
235 2601 312 2680 aut,
340 2599 384 2660 ut
405 2579 519 2690 Philo
535 2579 674 2684 ¹censet,
700 2583 912 2664 celerrimas
935 2585 1012 2663 Dei
1038 2585 1211 2668 actiones

12 2709 19 2786 ζ
112 2689 154 2770 in
184 2687 461 2772 benefaciendo
489 2689 613 2794 bonis,
640 2689 736 2774 &in
758 2687 1116 2798 puniendo'malos,
1143 2715 1213 2776 aut

112 2796 220 2908 quod
250 2797 490 2908 Angelorum
512 2787 821 2910 ad'quaecunque
843 2801 960 2880 vellet
979 2799 1212 2908 paratiffimo

113 2907 327 2992 ministerio
353 2911 458 2990 Deus
486 2930 680 3012 uteretur,
716 2931 760 2990 ut
782 2906 910 2990 Moses
942 2909 1215 3017 Maimonides,

100 3015 257 3126 'aliique
274 3015 440 3105 censent.
463 3017 587 3098 Talis
602 3019 779 3126 exceptio
801 3016 879 3100 fuit
901 3017 1017 3098 etiam
1031 3046 1116 3100 curn
1130 3025 1215 3101 Sera

94 3127 242 3234 pentis
271 3125 477 3236 imaginem
500 3127 606 3208 Deus
623 3125 726 3234 juffit
750 3127 861 3234 erigi.
918 3127 1215 3211 Extiaordinario

107 3249 274 3345 precepto
291 3239 458 3348 Serpentai
468 3235 730 3342 finilitudinem
754 3236 908 3340 induxit,
928 3239 983 3318 ait
1004 3239 1215 3320 Tertulliaa

81 3347 188 3424 vnus
214 3347 277 3425 De
299 3345 538 3439 Idololatria.
578 3346 698 3454 Qiod
716 3373 810 3430 vero
833 3349 942 3428 labro
962 3374 1070 3429 aeneo
1089 3353 1216 3429 Boves

91 3457 153 3538 'ot
180 3457 328 3537 Leones
350 3455 672 3564 adjecitSalomo,
699 3454 738 3539 id
765 3469 832 3537 a'ut
854 3459 943 3537 Deo
966 3455 1059 3536 fecit
1082 3453 1216 3558 praeci·

115 3560 261 3670 piente,
274 3587 340 3645 aut
358 3563 383 3646 si
399 3565 478 3649 Dei
498 3565 647 3650 veniam
662 3590 743 3644 non
759 3565 906 3668 habuit,
921 3565 1073 3644 initium
1088 3560 1166 3641 fuit
1177 3575 1214 3648 ot

98 3671 1220 3785 figradusquidamadaliaquaepeccavitpostearqnaeposte«

117 3780 199 3862 rior
213 3781 332 3888 tnagis
345 3784 471 3890 placet
495 3781 661 3894 josepho
674 3784 805 3869 &aliis
825 3783 997 3864 Hebraeis
1016 3781 1217 3863 sententia.

173 3889 440 3974 Animantium
465 3879 628 4002 seulptas
646 3892 831 4000 imagines
856 3915 942 3970 curn
963 3888 1044 3975 dixi
1067 3891 1220 3991 vetitas,

34 4049 36 4052 -
99 3996 236 4116 'etiam
260 3998 391 4085 Sidera
411 4005 713 4111 comprehendo,
739 4001 829 4192 guia
853 4021 1002 4084 rnoturn
1026 4000 1217 4188 surrigeba-

98 4125 102 4139 ’
126 4121 156 4148 ”
405 4121 415 4136 ’
1159 4125 1217 4190 nt·

1356 4356 1425 4376 A

1497 4246 1504 4285 i
