3034 4622
334 145 405 248 40
625 103 1122 216 cAdnotarionesad

334 259 600 358 &Kimchiuss
616 287 838 372 quanquam
849 288 928 346 vox
942 257 1443 371 ipsavideatureffemedia,

283 437 285 441 .
335 387 373 465 δι
398 371 592 468 interdum
613 399 693 478 pro*
706 369 940 464 Cherubinis
955 367 1080 471 sumi,
1094 393 1137 452 ut
1156 371 1246 481 Juri
1265 403 1324 464 17.
1345 405 1388 468 5.¹
1402 385 1442 460 ne

335 480 497 580 oseaea·
514 508 550 582 4·
588 481 688 570 Vide
706 481 803 564 mira
819 507 906 590 quae
928 477 975 560 de
993 480 1224 590 imaginibus
1245 489 1267 566 a
1290 484 1444 566 Tham-

335 591 447 679 muso
469 591 693 682 convocatis
716 588 847 684 scribit
868 590 969 689 idem
992 589 1059 670 ille
1076 587 1201 674 Moses
1224 589 1324 674 diui
1347 591 1444 676 libri

334 723 445 810 parte
465 729 497 798 3.
517 729 549 783 c.
566 687 629 804 292
671 703 757 786 Nec
772 698 953 796 dubitant
971 697 1121 796 tradere
1137 701 1319 810 imagines
1329 697 1445 808 quas·

192 900 194 905 ,
288 883 290 888 .
334 811 425 896 dam
442 810 605 895 locutas:
624 810 991 918 Qaliumpnoque
1006 808 1184 906 meminit
1195 811 1260 892 ille
1270 796 1445 912 Trisrirer

333 921 471 1030 gistus.¹
489 919 626 1005 Talem
640 917 910 1020 icunculam„s1
927 947 1009 1004 non
1020 919 1323 1020 habun„habere
1333 921 1445 1008 credi

192 1069 194 1073 ’
335 1030 469 1114 voluit
479 1035 604 1133 Nero,
629 1031 735 1138 cujus
754 1026 973 1122 monitione
987 1025 1189 1128 dicebatse¹
1201 1029 1332 1128 sutura
1345 1059 1444 1138 prx-

335 1137 507 1242 noscere,
528 1161 573 1232 ut
592 1167 642 1222 ex
671 1136 859 1236 Suetonio
887 1135 1076 1220 discimus.
1132 1141 1191 1220 Sic
1206 1139 1444 1236 'Memnonis

335 1251 459 1332 statua
482 1249 524 1330 in
541 1254 712 1358 AEgypto
733 1243 886 1344 sonora.
929 1251 1083 1331 Locuta
1099 1246 1443 1442 Simulacraffiuno·

336 1358 396 1442 nis
418 1367 605 1461 Moneta,
632 1365 815 1445 Fortuna
832 1355 1047 1460 Muliebris,
1073 1357 1236 1461 Silvani,
1262 1358 1304 1442 in
1347 1359 1443 1444 isto-

334 1467 405 1550 riis
426 1480 463 1554 δι
479 1465 589 1574 ‚apud
605 1466 800 1551 Valerium
817 1465 1032 1548 Maximum
1052 1465 1233 1576 legimus:
1261 1470 1446 1556 meminit

336 1573 700 1683 talium&scriptor
714 1571 1018 1682 Responsronum
1031 1575 1080 1657 ad
1093 1576 1362 1662 orthodoxos.
1386 1587 1444 1664 Et

336 1682 466 1770 Moses
488 1683 749 1768 Maimonides
767 1704 876 1794 parte
911 1713 944 1782 3.
968 1712 1000 1766 c.
1026 1716 1086 1786 29·
1116 1687 1303 1770 Duuoris
1326 1687 1445 1784 dubi·

199 1853 202 1860 ·
338 1793 506 1888 tantium
524 1793 620 1884 duos
633 1792 701 1876 fibi
722 1794 843 1877 libros
855 1793 978 1878 sessos
990 1793 1046 1876 ait
1063 1793 1111 1876 de
1131 1795 1370 1906 Imaginibus·
1379 1797 1445 1886 lo·

213 1989 214 1994 Ν
314 2005 316 2011 Ι
336 1904 553 2014 questibus.
609 1912 661 1988 Et
684 1903 760 1986 huc
774 1903 956 2012 pertinet,
984 1902 1026 1984 ni
1042 1900 1172 2006 fallor,
1195 1907 1302 1990 locus
1320 1908 1443 1997 Zach.

340 2045 401 2098 ιο.
417 2045 452 2098 2.
504 2015 695 2100 Obbane
719 2013 946 2120 opinionem
970 2011 1101 2094 iuclusr
1125 2011 1279 2120 spiritus
1301 2014 1445 2120 divini,

331 2121 490 2206 ‘Labani
514 2123 592 2226 illa,
618 2149 704 2232 quae
734 2119 856 2202 modo
877 2119 1164 2204 nominavimus
1187 2146 1340 2228 orsum,
1369 2154 1444 2212 vo-

337 2253 475 2312 cantur
496 2238 623 2318 o'nbu
647 2227 714 2312 Dii
729 2225 897 2309 Labanis.
925 2227 993 2310 Dii
1004 2229 1157 2340 gentium
1172 2229 1444 2318 dicunturess'e

303 2405 304 2410 Ν
336 2367 460 2420 auriam
479 2345 514 2421 &
530 2359 732 2448 argentum:
760 2350 796 2424 ὅ(
812 2335 940 2445 passim
964 2337 1067 2446 apud
1087 2343 1244 2440 Graecos
1258 2341 1444 2426 Latinos·

336 2477 413 2556 que
430 2448 631 2554 scriptores
641 2445 721 2556 ipsa
734 2445 927 2530 fimulacra
942 2447 1007 2530 Dii
1022 2448 1215 2535 dicuntur.
1243 2451 1444 2536 Arnobius

176 2625 178 2630 .
249 2607 252 2610 -
336 2557 406 2642 lib.
418 2578 457 2640 6.
486 2555 651 2680 Qinimo
665 2561 754 2678 Deos
770 2557 833 2662 effe
840 2553 1013 2747 ζιέἑίὶανὶα
1024 2557 1098 2667 apsa
1112 2557 1264 2669 censetis,
1281 2590 1342 2641 nec
1349 2580 1444 2671 prjae-

195 2757 198 2770 ,
337 2686 391 2748 rer
413 2665 480 2748 hac
504 2696 689 2778 quaequam
708 2695 782 2746 vam
801 2695 857 2746 cre
890 2665 943 2746 'tis
968 2663 1090 2746 habere
1111 2669 1301 2752 Divinam:
1331 2671 1443 2777 quod
1493 2675 1494 2740 s

338 2805 432 2859 mox
447 2776 629 2884 explicat,
655 2779 700 2858 In
712 2775 904 2874 fimulacris
916 2773 1034 2888 praesto
1042 2777 1130 2884 sunt
1151 2799 1255 2887 atque
1278 2773 1444 2859 habitant

339 2886 406 2968 Dii
409 2887 501 2994 suis.
530 2887 636 2968 Hinc
645 2883 811 2996 ejusdem
824 2885 961 2968 crediti
974 2885 1141 2970 numinis
1154 2886 1338 2994 imagines
1352 2886 1443 2985 atiae

339 2995 424 3078 aliis
447 2995 625 3102 praelatae,
643 3002 696 3076 ‘ut
710 2991 871 3103 Ephesia
892 2994 1032 3080 Dianae
1053 2996 1138 3078 aliis
1159 2994 1375 3099 simulacris,
1401 3009 1442 3084 ὅ(

322 3104 413 3186 ¹aiia
428 3103 627 3213 ejusmodi.
674 3111 767 3216 Hac
790 3103 929 3212 opinio
943 3105 1034 3212 quia
1048 3104 1152 3210 apud
1168 3103 1344 3188 Orientis
1367 3133 1442 3213 po·

337 3215 449 3321 pulos
464 3214 543 3310 late
563 3215 636 3320 jam
658 3213 885 3318 invaluerat,
911 3213 1031 3322 eique
1046 3213 1155 3320 pravi
1178 3213 1369 3298 daemones
1389 3211 1442 3296 ad

237 3391 239 3396 .
338 3319 529 3406 fallendos
542 3321 719 3406 homines
731 3323 1000 3432 abutebantur,
1017 3327 1121 3406 Deus
1134 3320 1266 3406 edicito
1279 3319 1440 3424 hoclsuo

339 3431 472 3515 omnia
485 3430 630 3539 sculpta
642 3431 815 3515 animalis
830 3431 989 3540 aiicujus
1004 3428 1168 3514 formam
1185 3432 1366 3517 habentia
1379 3431 1442 3514 in·

339 3541 479 3626 hibuit.
520 3542 688 3626 Facilius
700 3543 803 3622 enim
827 3539 981 3646 spiritus
994 3541 1146 3650 'capacia
1159 3542 1224 3626 illa
1241 3539 1442 3628 simulacra

340 3651 569 3734 videbantur
584 3653 638 3732 ob
650 3652 806 3733 receffus
820 3652 985 3744 abditos.
1139 3677 1141 3696 ¹
1254 3737 1255 3740 Ν
1413 3656 1429 3727 ,¹

320 3851 336 3864 ,y
395 3761 623 3842 Notandum
639 3761 754 3841 etiam
767 3789 847 3841 non
862 3782 1010 3840 tantum
1021 3759 1368 3844 Hebraeisvetitum
1384 3760 1440 3842 eis

341 3868 629 3973 venerationem
652 3869 836 3952 exhibere
868 3867 993 3952 verbis
1017 3867 1273 3979 sequentibus,
1300 3867 1365 3954 sed
1389 3899 1440 3953 ne

340 3979 466 4060 facere
485 3985 640 4087 quidem
661 3982 740 4063 ulla
762 3977 956 4064 simulacra
976 3979 1156 4090 permitti¹
1179 3985 1297 4102 Deus.
1321 4006 1357 4172 s
1377 3997 1437 4064 16.

1283 4116 1324 4172 m
1342 4115 1438 4198 uper
