2974 4624
325 105 424 283 334
643 142 1001 248 Adnotationer
1026 141 1099 247 ad

319 297 503 405 lenitatis,
529 298 661 382 multis
687 297 931 396 cautionibus
954 323 1053 488 osus
1075 293 1150 378 effe
1177 287 1307 396 video,
1334 317 1421 401 qua

319 409 451 519 pallini
484 408 741 517 negligantur.
782 413 845 490 Ut
879 407 964 488 noti
1011 404 1081 484 mis
1111 425 1198 484 utar
1222 402 1422 508 exemplis.

320 525 467 627 Iegem
481 515 529 598 de
548 515 727 600 necandis
749 518 804 598 ob
818 543 861 601 ca
891 538 968 598 tam
984 513 1104 596 feram
1127 511 1319 620 agricolis,
1347 509 1422 590 mi·

320 655 388 732 ror
400 625 718 736 tantbdiligentid
730 624 841 734 dJuri
859 619 1042 708 consultis
1053 619 1309 722 defendi‚cum
1323 619 1423 698 mul·

239 747 243 754 '
322 758 368 818 to
386 734 586 818 meliorem
601 732 763 842 posituri
784 734 903 816 ellent
924 758 1080 839 operam
1108 731 1150 812 in
1166 729 1261 810 senil
1282 727 1423 810 talium

320 843 558 928 diffuafione.
596 843 696 926 Tale
711 842 828 924 etiam
842 841 1013 951 estquod
1028 840 1155 922 necari
1168 836 1269 922 fures
1285 835 1424 945 juben·

321 967 435 1058 tun&
449 953 607 1064 quidem
621 949 717 1036 iiain
731 951 825 1035 locis
837 951 904 1034 ubi
925 950 1170 1050 adulterium,
1183 969 1296 1030 tanto
1312 965 1422 1026 extra

320 1061 621 1146 controversiam
645 1061 799 1167 gravius
822 1060 1022 1162 delictum,
1049 1059 1115 1144 vix
1136 1053 1308 1150 censoria
1325 1056 1421 1166 notl

321 1171 603 1282 perstringitur.
646 1178 679 1252 E
707 1200 734 1252 o
756 1167 844 1252 sane
866 1197 948 1252 non
965 1167 1079 1252 video
1092 1165 1187 1277 quid
1217 1195 1287 1248 uos
1307 1185 1422 1354 cogat

320 1286 431 1390 Lege
456 1279 666 1376 Hebraeale
696 1277 977 1361 eimmitiorcs.
1027 1287 1074 1358 ln
1099 1275 1184 1385 ipsis
1202 1273 1350 1356 homici
1381 1273 1422 1356 iis

321 1409 499 1472 nontam
519 1386 665 1474 factum
689 1387 836 1482 nudum
859 1385 1109 1496 spectandum
1137 1383 1234 1468 mihi
1254 1381 1424 1486 videtur,

321 1525 439 1606 quam
456 1525 542 1606 quae
558 1497 736 1578 anteasta
751 1496 832 1581 vita
855 1493 1036 1584 occisoris
1063 1494 1196 1598 fuerit,
1220 1493 1424 1576 veneritne

181 1635 184 1644 ¹
322 1603 471 1690 adhoc
500 1603 648 1688 facinus
671 1603 819 1714 impetu
843 1633 893 1686 an
921 1604 1214 1708 deliberatione,
1238 1616 1289 1706 di,
1315 1598 1424 1711 quod

321 1715 560 1824 praecipuum
575 1714 643 1817 est,
669 1711 764 1796 fitne
780 1713 978 1826 ingenium
999 1713 1176 1799 sanabile.
1214 1717 1318 1796 Nam
1348 1710 1423 1792 hoc

323 1834 362 1910 dt
381 1828 523 1906 Seneca
547 1819 734 1932 praecipit,
775 1853 817 1904 ne
844 1825 918 1934 quai
939 1842 1065 1934 pareat
1094 1819 1163 1932 nisi
1184 1847 1293 1933 quem
1304 1819 1423 1930 perire
1478 1915 1479 1918 Ν

322 1931 433 2013 etiam
450 1933 791 2044 paremniacum:
828 1933 932 2040 quod
961 1930 1084 2040 ipsum
1112 1955 1241 2015 tamen
1269 1927 1423 2016 videtur

322 2061 394 2148 aut
429 2069 626 2151 nunquam
655 2063 723 2122 aut
749 2039 928 2124 rariffime
963 2041 1097 2138 locum
1124 2041 1266 2124 habere
1307 2037 1422 2146 polle.

323 2149 624 2259 Qando·enim
656 2147 844 2232 constabit
866 2147 969 2257 spem
993 2177 1150 2234 omnem
1175 2148 1424 2260 poenitentia

324 2255 544 2366 praecisam?
592 2265 687 2342 Haec
726 2255 944 2340 discrimina
972 2265 1008 2340 ax
1024 2259 1224 2369 ‘lodicibus
1256 2255 1426 2367 expendi

324 2367 452 2450 multo
463 2367 555 2448 efl'et
579 2365 696 2450 satius
718 2394 834 2477 quam
849 2369 955 2460 ¹alios
974 2395 1022 2451 ex
1043 2367 1127 2450 solo
1149 2367 1245 2452 faeti
1263 2367 1425 2450 nomine
1454 2378 1457 2388 '

325 2474 462 2558 audito
473 2475 522 2558 ad
534 2498 699 2560 mortem
715 2477 813 2586 rapi,
839 2477 924 2560 aliis
940 2479 1008 2588 qui
1022 2479 1145 2585 gratirl
1167 2477 1348 2566 &amicis
1363 2505 1424 2560 va·
1470 2505 1478 2574 Ι;

324 2585 409 2668 lent
434 2612 503 2692 per
518 2583 797 2694 indulgentiam
822 2585 1075 2692 Principalem
1098 2591 1251 2695 plenam
1269 2585 1425 2670 contin·
1475 2613 1477 2662 l

324 2720 430 2804 gere,
444 2695 689 2803 quantumvis
698 2693 885 2777 atrocium
898 2693 1126 2799 facinorum,
1141 2695 1422 2804 impunitatem·

326 2805 431 2888 Nam
445 2805 552 2912 quod
571 2801 728 2914 quidam
741 2802 958 2888 existimant
971 2801 1184 2888 homicidio
1197 2803 1425 2888 naturaliter

326 2909 558 3020 respondere
573 2911 709 3022 capitia
727 2921 901 3020 poenam,
926 2913 1029 2999 inco
1051 2911 1252 2998 falluntur.
1289 2919 1432 3028 dopna.

326 3019 431 3102 enim
452 3021 684 3106 delictorum
708 3051 791 3106 non
823 3019 913 3108 sunt
943 3021 1027 3134 ipso
1047 3027 1210 3114 Naturae
1229 3028 1330 3139 June
1362 3041 1424 3106 aut

328 3129 408 3212 ulla
425 3129 502 3214 Dei
524 3129 711 3239 perpetua
727 3135 836 3240 Iege
856 3131 1086 3236 constitutae,
1110 3120 1174 3226 sed
1201 3157 1277 3240 pro
1303 3129 1423 3218 modo

327 3236 419 3320 inde
439 3237 676 3340 imminentis
698 3239 859 3350 periculi
887 3241 1037 3327 intendi
1061 3267 1104 3326 ac
1124 3237 1273 3326 remitti
1287 3235 1425 3328 solent.

326 3351 462 3431 Docet
476 3375 548 3430 nos
563 3347 679 3432 Caini
707 3347 866 3432 historia
891 3349 1014 3457 prima
1043 3348 1109 3450 iila
1122 3349 1264 3434 Mundi
1288 3369 1427 3450 aetater

327 3482 488 3564 poenam
505 3454 830 3542 homicidiifuille
851 3458 968 3546 latam
985 3461 1135 3568 lugam,
1154 3457 1427 3570 cujusacceffio
1472 3513 1474 3576 l

327 3566 538 3676 eratquod
558 3565 616 3676 pii
629 3565 793 3677 purique
808 3569 982 3654 homines
998 3569 1053 3652 ita
1070 3571 1425 3661 contaminatorum

328 3673 551 3783 adspectum
572 3679 872 3788 contactumque
890 3675 1147 3776 declinabant.
1181 3679 1308 3791 ,cnjus
1323 3677 1427 3763 anti·
1473 3691 1474 3701 ‘

327 3783 494 3890 quiffimi
510 3785 724 3877 instituti&
745 3786 952 3898 Euripides·
962 3788 1153 3894 meminit,
1266 3869 1268 3874 ,
1410 3859 1415 3880 ,
1471 3837 1473 3844 ,

321 3893 325 3904 ’
423 3889 561 3992 ,Κωλῦἴ
575 3893 669 3990 iltuto
687 3899 787 3976 amira
802 3891 930 4004 noviper
954 3908 979 3976 oi
999 3891 1124 3998 uuidar,
1202 3951 1207 3960 ‚

438 4011 492 4088 Εἷς
516 4004 670 4112 999999
696 4001 758 4109 999
777 3995 857 4114 iniat
869 4003 934 4108 ω”κ
947 3995 1025 4108 ,ἔων
1045 4006 1141 4122 wilh.

1331 4075 1426 4212 our
1471 4069 1472 4080 ‘
