2966 4632
224 201 500 320 Serreionem
513 201 724 319 Domini.
762 211 917 319 Matr.
930 239 977 339 7.
1062 241 1154 348 331

54 393 134 479 que
151 367 397 455 difficultates
422 371 585 455 internae
604 393 720 482 atque
741 373 911 454 externae
936 371 1163 454 eamcomi·

55 475 217 572 tentum
245 479 399 584 deinde,
426 503 471 562 ut
494 503 642 565 attente
666 479 800 564 itidem
828 481 1068 588 expendatur
1083 506 1164 564 ma·

57 589 226 698 gnitudo
239 611 394 674 aeternae
413 590 493 698 ejus
513 590 648 700 gloriae
671 618 785 700 quam
801 589 978 676 ¹Christus
998 589 1164 698 promit-

58 698 134 789 tit;
161 699 296 806 tertio,
322 717 369 782 ut
383 699 484 782 bene
501 699 683 809 inligatur
706 699 839 782 animo
852 719 955 783 certa
969 699 1169 782 connexio.

58 807 135 890 viae
155 808 261 894 istius
280 836 367 892 cum
394 814 510 911 metl,
536 822 572 895 dt
598 829 709 890 metae
735 835 820 891 curn
851 807 927 911 vit,
954 834 1092 920 nempe
1119 822 1165 890 ut

60 917 210 1000 constet
228 919 312 1000 fieri
337 947 420 1000 non
442 919 547 1028 polle
562 919 661 1027 quin
673 917 791 1000 isthac
813 945 862 1000 eo
875 916 1068 1024 veniatur,
1094 941 1167 1001 nec

62 1024 138 1106 alia
152 1027 283 1110 eundo
305 1027 442 1110 eodem
466 1028 570 1135 posse
599 1027 806 1136 perveniri.
862 1025 934 1110 His
956 1027 1055 1109 bene
1079 1054 1167 1134 per·

59 1135 185 1244 ceptis
196 1157 311 1248 atque
324 1134 530 1242 meditatis,
556 1135 1169 1220 flectiturvoluntastnobedien·

62 1245 158 1330 tiam
175 1245 383 1328 intellettae
396 1245 581 1347 veritatis,
608 1245 710 1329 unde
727 1245 890 1355 insurgit
907 1247 946 1327 in
962 1245 1094 1326 animo
1107 1243 1169 1328 di·

63 1351 199 1458 ledlio,
224 1381 311 1464 quae
323 1353 462 1438 radicis
478 1366 513 1439 δι
527 1351 771 1434 fundamenti
788 1355 910 1436 vicem
926 1355 1087 1462 praestat,
1117 1363 1169 1438 E·-

67 1462 335 1568 phesmrum3.
355 1493 412 1555 17.
450 1460 598 1548 Confer
619 1489 705 1574 quae
722 1457 824 1542 infra
847 1460 935 1544 sunt
959 1463 1087 1569 capite
1108 1490 1170 1562 13·

64 1582 100 1657 dt
118 1576 238 1652 Lucae
254 1600 313 1671 14.
330 1586 389 1656 28.
415 1579 509 1653 Haec
527 1573 580 1653 est
592 1599 678 1680 quae
692 1569 868 1654 adversus
882 1570 1086 1653 blanditias
1099 1599 1171 1654 vo-

62 1679 276 1788 luptatum,
302 1679 549 1764 formidinem
578 1679 736 1782 doloris,
763 1681 1010 1789 paupertatis,
1037 1680 1174 1784 exfilii,

64 1787 308 1894 ignominiae,
321 1789 457 1872 mortis
473 1789 700 1899 denique,&
718 1815 858 1869 novam
872 1786 953 1870 falfi
965 1791 1172 1897 magisterii

64 1895 322 2005 disciplinam,
348 1897 592 2002 assensionem
622 1898 726 1980 illam
748 1898 918 2006 priorem
941 1909 976 1983 ἃ
999 1919 1175 1980 contem·

64 2003 270 2114 plativam,
295 2005 449 2118 ejusque
465 2006 734 2116 profellionem
749 2005 1006 2089 inconcussam
1018 2008 1174 2087 retinet.

64 2117 220 2198 Contra
231 2117 297 2226 qui
313 2119 424 2201 rebus
442 2146 523 2200 non
538 2121 636 2200 bene
649 2114 818 2224 expensrs
829 2142 968 2226 neque
982 2115 1090 2224 jadlo
1105 2116 1175 2197 tali

57 2221 326 2326 sirndamento
360 2255 532 2310 veracem
564 2225 785 2310 doctrinam
820 2225 1021 2308 intelledtu
1057 2229 1175 2335 atque

63 2335 188 2416 etiam
213 2333 443 2442 proseffione
474 2337 713 2458 approbant,
752 2333 952 2443 peccandi·
968 2334 1178 2438 illecebris,

14 2531 15 2540 Ν
66 2462 181 2524 metu
194 2442 430 2530 imminentis
449 2447 554 2547 malt,
583 2445 765 2528 novitatis
792 2443 985 2526 lenocinio
999 2441 1110 2525 sacile
1126 2471 1176 2526 eo

14 2549 15 2576 ¹
68 2547 316 2636 adducuntur
331 2553 495 2664 utquod
510 2554 675 2637 lubidini
698 2552 771 2636 suae
793 2553 1015 2636 adversatur
1038 2553 1178 2635 malint

68 2685 153 2742 non
169 2660 244 2742 effe
259 2688 405 2767 verum,
431 2665 619 2774 &quovis
632 2663 752 2746 modo
765 2681 977 2770 quaerentes
989 2660 1064 2743 effu
1095 2660 1177 2769 ium

70 2765 254 2852 dubitent
264 2772 444 2880 primum,
457 2774 643 2882 paulatim
658 2770 894 2860 labascunt&
909 2783 930 2856 t
945 2767 1044 2879 prof
1086 2797 1179 2854 tone
1290 2769 1294 2778 '

70 2877 264 2963 deficiant.
307 2880 555 2991 Consequens
568 2883 675 2980 enim
686 2883 740 2965 est
753 2881 918 2966 docente
933 2881 1055 2966 Paulo
1077 2881 1179 2964 1Ti·

16 3001 17 3004 ‘
63 2987 198 3070 moth.
220 3019 252 3070 ι.
273 3021 331 3092 19·
370 3009 415 3072 ut
442 2992 511 3102 qui
535 2993 678 3075 bonam
702 2989 975 3076 conscientiam
1001 3010 1069 3072 aut
1097 3015 1180 3073 non

73 3095 280 3206 acquirunt
298 3117 365 3182 aut
391 3129 472 3183 non
498 3101 743 3204 conservant,
769 3100 886 3184 etiam
908 3099 999 3182 fidei
1025 3097 1182 3182 naufra-

75 3203 183 3314 gium
210 3203 365 3291 faciant.
422 3215 539 3293 Bonae
564 3233 691 3294 autem
722 3208 967 3296 conscientie
996 3209 1182 3292 comitem

76 3336 165 3399 tutte
188 3313 346 3398 dederat
359 3317 610 3402 diledlionem
633 3317 763 3403 sinceri
787 3319 915 3404 cordis
934 3337 1125 3404 commate
1148 3347 1184 3414 5.

17 3479 19 3514 ι
77 3425 140 3508 Est
168 3447 300 3508 autem
326 3425 455 3511 fimilis
482 3428 636 3512 aedificii
659 3428 900 3566 comparatio
925 3427 1028 3538 apud
1052 3425 1185 3513 Philo·

18 3541 19 3544 ¹
78 3559 164 3616 nem
190 3535 293 3619 llbt'o
318 3533 368 3618 tle
394 3539 535 3640 Caintl,
562 3536 649 3628 oirov
670 3537 733 3636 (dd
752 3573 788 3622 tta
810 3533 938 3646 ddtlpltv
967 3535 1028 3618 mid
1049 3537 1183 3642 rideam

18 3651 19 3686 ³
78 3636 207 3752 ψυχᾶι)
221 3631 388 3750 §mejite
403 3648 467 3729 Θεὲ
481 3648 627 3752 λέγονπς
642 3641 775 3732 &llatae
788 3649 815 3764 ᾖ
829 3645 917 3726 natal
929 3647 1016 3754 tipo
1029 3647 1185 3752 Quintilla·

79 3747 130 3832 'ira
141 3753 169 3868 a}
182 3753 318 3846 &cusos
338 3756 638 3876 §ostendimur
654 3749 697 3847 ila
711 3761 726 3836 ὃ
739 3753 830 3848 altor,
856 3753 997 3860 θεμέλιοι
1010 3751 1073 3852 pald
1087 3757 1185 3842 ὼν·

88 3859 311 3956 ζῑςλῆοθωσαο
334 3859 453 3969 εὐφυΐα
475 3903 530 3965 amq
557 3863 777 3946 dimata-
805 3862 960 3974 &tveifl
993 3865 1045 3963 pff)
1070 3862 1186 3944 nativ

88 3967 224 4075 maliem
247 3971 549 4081 imrmloprioiaw
577 3965 667 4052 notul.
710 3973 797 4056 Vere
815 3973 921 4084 igitur
949 3979 984 4054 ὅ
998 3967 1188 4079 secundum

89 4073 204 4192 Legem
216 4081 401 4196 loquemur,
417 4081 457 4194 st
468 4079 624 4170 dicamur
638 4079 838 4189 invisibilem
859 4079 1015 4166 animam
1039 4079 1108 4160 Dei
1131 4079 1187 4160 in-

610 4195 651 4280 T
677 4211 748 4278 ta
1048 4187 1187 4297 vt'ssbilri

301 4338 307 4375 l.

305 4387 317 4462 l
